%%%%%%%%%%%%%%%%%%%%%%%%%%%%%%%%%%%%%%%
% Header                              %
%%%%%%%%%%%%%%%%%%%%%%%%%%%%%%%%%%%%%%%
% 
% Peridynamic literature
% 
% Revisions: 2017-03-01 Martin Raedel <martin.raedel(at)dlr.de>
%                       Initial draft
%               
% Contact:   Martin Raedel,  martin.raedel(at)dlr.de
%            DLR Composite Structures and Adaptive Systems
%          
%                                 __/|__
%                                /_/_/_/  
%            www.dlr.de/fa/en      |/ DLR
% 
%%%%%%%%%%%%%%%%%%%%%%%%%%%%%%%%%%%%%%%
% Content                             %
%%%%%%%%%%%%%%%%%%%%%%%%%%%%%%%%%%%%%%%

%--------------------------------------
% Article
%--------------------------------------

@article{AguiarAR2014,
  Title                    = {A constitutive model for a linearly elastic peridynamic body},
  Author                   = {Aguiar, Adair R. and Fosdick, Roger},
  Journal                  = {Mathematics and Mechanics of Solids},
  Year                     = {2014},
  Number                   = {5},
  Pages                    = {502--523},
  Volume                   = {19},
  Doi                      = {10.1177/1081286512472092},
  ISSN                     = {1081-2865},
  Keywords                 = {Peridynamic theory, linear elasticity, constitutive modeling, material symmetry, free energy function},
}

@article{AguiarAR2016,
  Title                    = {On the Determination of a Peridynamic Constant in a Linear Constitutive Model},
  Author                   = {Aguiar, Adair R.},
  Journal                  = {Journal of Elasticity},
  Year                     = {2016},
  Number                   = {1},
  Pages                    = {27--39},
  Volume                   = {122},
  Doi                      = {10.1007/s10659-015-9531-8},
  ISSN                     = {1573-2681},
  Keywords                 = {Peridynamic model, Nonlocal theory, Classical linear elasticity, Constitutive modeling, Free energy function},
}

@article{AgwaiAG2011,
  Title                    = {Predicting crack propagation with peridynamics: A comparative study},
  Author                   = {Agwai, Abigail G. and Guven, Ibrahim and Madenci, Erdogan},
  Journal                  = {International Journal of Fracture},
  Year                     = {2011},
  Number                   = {1},
  Pages                    = {65--78},
  Volume                   = {171},
  Doi                      = {10.1007/s10704-011-9628-4},
  ISBN                     = {1070401196},
  ISSN                     = {03769429},
  Keywords                 = {Crack branching,Dynamic fracture,Microbranching,Peridynamic theory},
}

@article{AmaniJ2016,
  Title                    = {A non-ordinary state-based peridynamics formulation for thermoplastic fracture},
  Author                   = {J. Amani and E. Oterkus and P. Areias and G. Zi and T. Nguyen-Thoi and T. Rabczuk},
  Journal                  = {International Journal of Impact Engineering},
  Year                     = {2016},
  Volume                   = {87},
  Pages                    = {83--94},
  DOI                      = {10.1016/j.ijimpeng.2015.06.019},
  ISSN                     = {0734-743X},
  URL                      = {http://www.sciencedirect.com/science/article/pii/S0734743X15001359},
  Keywords                 = {Non-local model,Peridynamics,Thermoplasticity,Johnson-Cook model,Fracture},
  note                     = {SI: Experimental Testing and Computational Modeling of Dynamic Fracture},
}

@article{AskariE2008,
  Title                    = {Peridynamics for multiscale materials modeling},
  Author                   = {Askari, E. and Bobaru, Florin and Lehoucq, Rich B. and Parks, Michael L. and Silling, Stewart A. and Weckner, Olaf},
  Journal                  = {Journal of Physics: Conference Series},
  Year                     = {2008},
  Volume                   = {125},
  Pages                    = {012078},
  Doi                      = {10.1088/1742-6596/125/1/012078},
  ISBN                     = {1742-6596},
  ISSN                     = {1742-6596},
}

@article{BazantZP2016,
  Title                    = {Wave dispersion and basic concepts of peridynamics compared to classical nonlocal damage models},
  Author                   = {Ba{\v{z}}ant, Zden{\v{e}}k P. and Wen Luo and Chau, Viet T. and Bessa, Miguel A.},
  Journal                  = {Journal of Applied Mechanics, Transactions ASME},
  Publisher                = {American Society of Mechanical Engineers (ASME)},
  Year                     = {2016},
  Volume                   = {83},
  Number                   = {11},
  Pages                    = {111004.1--111004.16},
  DOI                      = {10.1115/1.4034319},
  ISSN                     = {0021-8936},
  URL                      = {https://www.scholars.northwestern.edu/en/publications/wave-dispersion-and-basic-concepts-of-peridynamics-compared-to-cl},
  Keywords                 = {},
}

@article{BeckmannR2013,
  Title                    = {Mesh and timestep sensitivity of fracture from thermal strains using peridynamics implemented in Abaqus},
  Author                   = {R. Beckmann and R. Mella and M.R. Wenman},
  Journal                  = {Computer Methods in Applied Mechanics and Engineering},
  Year                     = {2013},
  Volume                   = {263},
  Pages                    = {71--80},
  DOI                      = {10.1016/j.cma.2013.05.001},
  ISSN                     = {0045-7825},
  URL                      = {http://www.sciencedirect.com/science/article/pii/S0045782513001126},
  Keywords                 = {Peridynamics,Finite element,Thermal,Crack,Damage,Interface},
}

@article{BellidoJC2014,
  Title                    = {Existence for Nonlocal Variational Problems in Peridynamics},
  Author                   = {Jos{\'{e}} C. Bellido and Carlos Mora-Corral},
  Journal                  = {SIAM Journal on Mathematical Analysis},
  Year                     = {2014},
  Volume                   = {46},
  Number                   = {1},
  Pages                    = {890--916},
  DOI                      = {10.1137/130911548},
  ISSN                     = {},
  URL                      = {https://doi.org/10.1137/130911548},
  Keywords                 = {},
}

@article{BobaruF2009,
  Title                    = {Convergence, adaptive refinement, and scaling in 1D peridynamics},
  Author                   = {Bobaru, Florin and Yang, Mijia and Alves, Leonardo Frota and Silling, Stewart A. and Askari, Ebrahim and Xu, Jifeng},
  Journal                  = {International Journal for Numerical Methods in Engineering},
  Volume                   = {77},
  Number                   = {6},
  Year                     = {2009},
  Pages                    = {852--877},
  ISSN                     = {1097-0207},
  DOI                      = {10.1002/nme.2439},
  URL                      = {10.1002/nme.2439},
  Keywords                 = {peridynamics, non-local methods, adaptive refinement, convergence, multiscale modeling},
}

@article{BobaruF2010,
  Title                    = {The peridynamic formulation for transient heat conduction},
  Author                   = {Florin Bobaru and Monchai Duangpanya},
  Journal                  = {International Journal of Heat and Mass Transfer},
  Volume                   = {53},
  Number                   = {19-20},
  Pages                    = {4047--4059},
  Year                     = {2010},
  ISSN                     = {0017-9310},
  DOI                      = {10.1016/j.ijheatmasstransfer.2010.05.024},
  URL                      = {http://www.sciencedirect.com/science/article/pii/S0017931010002668},
}

@article{BobaruF2012,
  title                    = {The Meaning, Selection, and Use of the Peridynamic Horizon and its Relation to Crack Branching in Brittle Materials},
  author                   = {Bobaru, Florin and Hu, Wenke},
  journal                  = {International Journal of Fracture},
  volume                   = {176},
  number                   = {2},
  pages                    = {215--222},
  year                     = {2012},
  issn                     = {1573-2673},
  doi                      = {10.1007/s10704-012-9725-z},
  url                      = {http://dx.doi.org/10.1007/s10704-012-9725-z},
}

@article{BobaruF2015,
  title                    = {Why do cracks branch? A peridynamic investigation of dynamic brittle fracture},
  author                   = {Bobaru, Florin and Zhang, Guanfeng},
  journal                  = {International Journal of Fracture},
  volume                   = {196},
  number                   = {1},
  pages                    = {59--98},
  year                     = {2015},
  issn                     = {1573-2673},
  doi                      = {10.1007/s10704-015-0056-8},
  url                      = {http://dx.doi.org/10.1007/s10704-015-0056-8},
}

@article{BreitenfeldMS2014,
  Title                    = {Non-ordinary state-based peridynamic analysis of stationary crack problems},
  Author                   = {M.S. Breitenfeld and P.H. Geubelle and O. Weckner and S.A. Silling},
  Journal                  = {Computer Methods in Applied Mechanics and Engineering},
  Year                     = {2014},
  Volume                   = {272},
  Pages                    = {233--250},
  DOI                      = {10.1016/j.cma.2014.01.002},
  ISSN                     = {0045-7825},
  URL                      = {http://www.sciencedirect.com/science/article/pii/S0045782514000073},
  Keywords                 = {Peridynamics,Nonlocal,Meshless,Fracture},
}

@article{BrothersMD2014,
  Title                    = {A comparison of different methods for calculating tangent-stiffness matrices in a massively parallel computational peridynamics code},
  Author                   = {Michael D. Brothers and John T. Foster and Harry R. Millwater},
  Journal                  = {Computer Methods in Applied Mechanics and Engineering},
  Year                     = {2014},
  Pages                    = {247--267},
  Volume                   = {279},
  DOI                      = {10.1016/j.cma.2014.06.034},
  ISSN                     = {0045-7825},
  Url                      = {http://www.sciencedirect.com/science/article/pii/S0045782514002205},
  Keywords                 = {Newton's method,Newton-Raphson,Numerical differentiation,Complex-step,Automatic differentiation,Tangent-stiffness},
}

@article{ButtSN2017,
  Title                    = {Wave dispersion and propagation in state-based peridynamics},
  Author                   = {Butt, Sahir N. and Timothy, Jithender J. and Meschke, G{\"u}nther},
  Journal                  = {Computational Mechanics},
  Year                     = {2017},
  Month                    = {Nov},
  Day                      = {01},
  Volume                   = {60},
  Number                   = {5},
  Pages                    = {725--738},
  DOI                      = {10.1007/s00466-017-1439-7},
  ISSN                     = {1432-0924},
  URL                      = {https://doi.org/10.1007/s00466-017-1439-7},
  Keywords                 = {},
}

@article{ChenX2011,
  Title                    = {Continuous and discontinuous finite element methods for a peridynamics model of mechanics},
  Author                   = {X. Chen and Max Gunzburger},
  Journal                  = {Computer Methods in Applied Mechanics and Engineering},
  Year                     = {2011},
  Volume                   = {200},
  Pages                    = {1237--1250},
  DOI                      = {10.1016/j.cma.2010.10.014},
  ISSN                     = {0045-7825},
  URL                      = {http://www.sciencedirect.com/science/article/pii/S0045782510002926},
  Keywords                 = {Peridynamics,Discontinuous Galerkin methods,Finite element methods},
}

@article{ChenZ2015,
  Title                    = {Peridynamic modeling of pitting corrosion damage},
  Author                   = {Ziguang Chen and Florin Bobaru},
  Journal                  = {Journal of the Mechanics and Physics of Solids},
  Year                     = {2015},
  Volume                   = {78},
  Pages                    = {352--381},
  DOI                      = {10.1016/j.jmps.2015.02.015},
  ISSN                     = {0022-5096},
  URL                      = {http://www.sciencedirect.com/science/article/pii/S0022509615000526},
  Keywords                 = {Corrosion damage,Pitting corrosion,Peridynamics,Diffusion,Material interfaces,Grain boundaries,Microstructural heterogeneity},
}

@article{ChenZ2016,
  Title                    = {A constructive peridynamic kernel for elasticity},
  Author                   = {Ziguang Chen and Drew Bakenhus and Florin Bobaru},
  Journal                  = {Computer Methods in Applied Mechanics and Engineering},
  Year                     = {2016},
  Volume                   = {311},
  Pages                    = {356--373},
  DOI                      = {10.1016/j.cma.2016.08.012},
  ISSN                     = {0045-7825},
  URL                      = {http://www.sciencedirect.com/science/article/pii/S0045782516309008},
  Keywords                 = {Peridynamics,Dynamic elasticity,Nonlocal model,Convergence,Nonlocal dispersion,Wave propagation},
}

@article{ChengZ2015,
  Title                    = {A peridynamic model for dynamic fracture in functionally graded materials},
  Author                   = {Zhanqi Cheng and Guanfeng Zhang and Yenan Wang and Florin Bobaru},
  Journal                  = {Composite Structures},
  Year                     = {2015},
  Volume                   = {133},
  Pages                    = {529--546},
  DOI                      = {10.1016/j.compstruct.2015.07.047},
  ISSN                     = {0263-8223},
  URL                      = {http://www.sciencedirect.com/science/article/pii/S0263822315005929},
  Keywords                 = {Peridynamics,Functionally graded materials,Dynamic fracture,Crack propagation,Impact,Brittle fracture},
}

@article{ChengZ2018,
  Title                    = {Numerical simulation of crack propagation and branching in functionally graded materials using peridynamic modeling},
  Journal                  = {Engineering Fracture Mechanics},
  Year                     = {2018},
  Volume                   = {191},
  Pages                    = {13--32},
  DOI                      = {10.1016/j.engfracmech.2018.01.016},
  ISSN                     = {0013-7944},
  URL                      = {http://www.sciencedirect.com/science/article/pii/S0013794417309864},
  Keywords                 = {Peridynamics, Functionally graded materials, Dynamic fracture, Crack curving and branching, Dynamic biaxial loads},
}

@article{ChowdhurySR2016,
  Title                    = {A peridynamic theory for linear elastic shells},
  Author                   = {Shubhankar Roy Chowdhury and Pranesh Roy and Debasish Roy and Junuthula N. Reddy},
  Journal                  = {International Journal of Solids and Structures},
  Year                     = {2016},
  Volume                   = {84},
  Pages                    = {110--132},
  DOI                      = {10.1016/j.ijsolstr.2016.01.019},
  ISSN                     = {0020-7683},
  URL                      = {http://www.sciencedirect.com/science/article/pii/S002076831600041X},
  Keywords                 = {Peridynamic shell,Curved bond,Surface based state,Shear correction,Constitutive correspondence,Crack propagation},
}

@article{DEliaM2016,
  Title                    = {A coupling strategy for nonlocal and local diffusion models with mixed volume constraints and boundary conditions},
  Author                   = {Marta D'Elia and Mauro Perego and Pavel Bochev and David Littlewood},
  Journal                  = {Computers \& Mathematics with Applications},
  Year                     = {2016},
  Volume                   = {71},
  Number                   = {11},
  Pages                    = {2218--2230},
  DOI                      = {10.1016/j.camwa.2015.12.006},
  ISSN                     = {0898-1221},
  URL                      = {http://www.sciencedirect.com/science/article/pii/S089812211500574X},
  Keywords                 = {Nonlocal models, Coupling method, Optimization, Nonlocal vector calculus, Mixed boundary conditions, Nonlocal diffusion},
}

@article{DelormeR2017,
  Title                    = {Generalization of the ordinary state-based peridynamic model for isotropic linear viscoelasticity},
  Author                   = {Delorme, Rolland and Tabiai, Ilyass and Laberge Lebel, Louis and L{\'e}vesque, Martin},
  Journal                  = {Mechanics of Time-Dependent Materials},
  Year                     = {2017},
  Month                    = {11},
  Day                      = {01},
  Volume                   = {21},
  Number                   = {4},
  Pages                    = {549--575},
  DOI                      = {10.1007/s11043-017-9342-3},
  ISSN                     = {1573-2738},
  URL                      = {https://doi.org/10.1007/s11043-017-9342-3},
  Keywords                 = {},
}

@article{DemmiePN2007,
  Title                    = {An Approach to Modeling Extreme Loading of Structures using Peridynamics},
  Author                   = {Paul N. Demmie and Stewart A. Silling},
  Journal                  = {Journal of Mechanics of Materials and Structures},
  Year                     = {2007},
  Volume                   = {2},
  Number                   = {10},
  Pages                    = {1921--1945},
  Url                      = {http://msp.org/jomms/2007/2-10/jomms-v2-n10-p04-p.pdf},
}

@article{DiehlP2016,
  Title                    = {Bond-based peridynamics: a quantitative study of Mode I crack opening},
  Author                   = {Diehl, Patrick and Franzelin, Fabian and Pfl{\"u}ger, Dirk and Ganzenm{\"u}ller, Georg C.},
  Journal                  = {International Journal of Fracture},
  Year                     = {2016},
  Volume                   = {201},
  Number                   = {2},
  Pages                    = {157--170},
  DOI                      = {10.1007/s10704-016-0119-5},
  ISSN                     = {1573-2673},
  URL                      = {https://link.springer.com/article/10.1007/s10704-016-0119-5},
}

@article{DipasqualeD2014,
  Title                    = {Crack propagation with adaptive grid refinement in 2D peridynamics},
  Author                   = {Dipasquale, Daniele and Zaccariotto, Mirco and Galvanetto, Ugo},
  Journal                  = {International Journal of Fracture},
  Year                     = {2014},
  Volume                   = {190},
  Number                   = {1},
  Pages                    = {1--22},
  ISSN                     = {1573-2673},
  DOI                      = {10.1007/s10704-014-9970-4},
  Url                      = {http://link.springer.com/article/10.1007/s10704-014-9970-4},
}

@article{DipasqualeD2015,
  Title                    = {Dependence of crack paths on the orientation of regular 2D peridynamic grids},
  Author                   = {Daniele Dipasquale and Giulia Sarego and Mirco Zaccariotto and Ugo Galvanetto},
  Journal                  = {Engineering Fracture Mechanics},
  Year                     = {2016},
  Volume                   = {160},
  Pages                    = {248--263},
  ISSN                     = {0013-7944},
  DOI                      = {10.1016/j.engfracmech.2016.03.022},
  Url                      = {http://www.sciencedirect.com/science/article/pii/S0013794416301126},
  Keywords                 = {Grid sensitivity},
}

@article{DipasqualeD2017,
  Title                    = {A discussion on failure criteria for ordinary state-based Peridynamics},
  Author                   = {Daniele Dipasquale and Giulia Sarego and Mirco Zaccariotto and Ugo Galvanetto},
  Journal                  = {Engineering Fracture Mechanics},
  Year                     = {2017},
  Volume                   = {186},
  Pages                    = {378--398},
  ISSN                     = {0013-7944},
  DOI                      = {10.1016/j.engfracmech.2017.10.011},
  Url                      = {http://www.sciencedirect.com/science/article/pii/S0013794417303478?via%3Dihub},
  Keywords                 = {State-based peridynamics, Fracture criteria, Dynamic crack propagation, Mixed-mode loading},
}

@article{DiyarogluC2015,
  Title                    = {Peridynamics for bending of beams and plates with transverse shear deformation"},
  Author                   = {C. Diyaroglu and E. Oterkus and S. Oterkus and E. Madenci},
  Journal                  = {International Journal of Solids and Structures},
  Year                     = {2015},
  Volume                   = {69},
  Number                   = {},
  Pages                    = {152--168},
  DOI                      = {10.1016/j.ijsolstr.2015.04.040},
  ISSN                     = {0020-7683},
  Url                      = {http://www.sciencedirect.com/science/article/pii/S0020768315002619},
  Keywords                 = {Peridynamics,Timoshenko beam,Mindlin plate,Transverse shear deformation,Dispersion relationships},
}

@article{DiyarogluC2016,
  Title                    = {Peridynamic modeling of composite laminates under explosive loading},
  Author                   = {C. Diyaroglu and E. Oterkus and E. Madenci and T. Rabczuk and A. Siddiq},
  Journal                  = {Composite Structures},
  Year                     = {2016},
  Volume                   = {144},
  Pages                    = {14--23},
  DOI                      = {10.1016/j.compstruct.2016.02.018},
  ISSN                     = {0263-8223},
  Url                      = {http://www.sciencedirect.com/science/article/pii/S0263822316300381},
}

@article{DuQ2013,
  Title                    = {A posteriori error analysis of finite element method for linear nonlocal diffusion and peridynamic models},
  Author                   = {Qiang Du and Lili Ju and Li Tian and Kun Zhou},
  Journal                  = {Mathematics of Computation},
  Year                     = {2013},
  Volume                   = {82},
  Number                   = {},
  Pages                    = {1889--1922},
  DOI                      = {10.1090/S0025-5718-2013-02708-1},
  ISSN                     = {0020-7683},
  URL                      = {http://www.ams.org/journals/mcom/2013-82-284/S0025-5718-2013-02708-1},
  Keywords                 = {Peridynamic models, nonlocal diffusion, a posteriori error estimate, finite element},
}

@article{DuQ2013b,
  Title                    = {Analysis of the Volume-Constrained Peridynamic Navier Equation of Linear Elasticity},
  Author                   = {Du, Qiang and Gunzburger, Max and Lehoucq, R. B. and Zhou, Kun},
  Journal                  = {Journal of Elasticity},
  Year                     = {2013},
  Month                    = {Oct},
  Day                      = {01},
  Volume                   = {113},
  Number                   = {2},
  Pages                    = {193--217},
  DOI                      = {10.1007/s10659-012-9418-x},
  ISSN                     = {1573-2681},
  URL                      = {https://doi.org/10.1007/s10659-012-9418-x},
  Keywords                 = {},
}

@article{DuQ2017,
  Title                    = {Fast and accurate implementation of Fourier spectral approximations of nonlocal diffusion operators and its applications},
  Author                   = {Qiang Du and Jiang Yang},
  Journal                  = {Journal of Computational Physics},
  Year                     = {2017},
  Volume                   = {332},
  Number                   = {Supplement C},
  Pages                    = {118--134},
  DOI                      = {10.1016/j.jcp.2016.11.028},
  ISSN                     = {0021-9991},
  URL                      = {http://www.sciencedirect.com/science/article/pii/S0021999116306143},
  Keywords                 = {Nonlocal diffusion operator, Peridynamic operator, Fourier spectral method, Nonlocal Allen-Cahn equation, Nonlocal Cahn-Hilliard equation, Nonlocal phase-field crystal model},
}

@article{DuQ2017b,
  Title                    = {A Peridynamic Model of Fracture Mechanics with Bond-Breaking},
  Author                   = {Du, Qiang and Tao, Yunzhe and Tian, Xiaochuan},
  Journal                  = {Journal of Elasticity},
  Year                     = {2017},
  Month                    = {12},
  Day                      = {07},
  Volume                   = {},
  Number                   = {},
  Pages                    = {},
  DOI                      = {10.1007/s10659-017-9661-2},
  ISSN                     = {0021-9991},
  URL                      = {https://doi.org/10.1007/s10659-017-9661-2},
  Keywords                 = {},
}

@article{EmmrichE2007,
  Title                    = {On the well-posedness of the linear peridynamic model and its convergence towards the Navier equation of linear elasticity},
  Author                   = {Emmrich, Etienne and Weckner, Olaf},
  Journal                  = {Communication in Mathematical Sciences},
  Year                     = {2007},
  Volume                   = {5},
  Number                   = {4},
  Pages                    = {851--864},
  DOI                      = {http://projecteuclid.org/euclid.cms/1199377554},
  Keywords                 = {z},
}

@article{EmmrichE2007b,
  Title                    = {The peridynamic equation and its spatial discretisation},
  Author                   = {Emmrich, Etienne and Weckner, Olaf},
  Journal                  = {Mathematical Modelling and Analysis},
  Year                     = {2007},
  Volume                   = {12},
  Number                   = {1},
  Pages                    = {17--27},
  DOI                      = {10.3846/1392-6292.2007.12.17-27},
  Keywords                 = {z},
}

@article{EmmrichE2016,
   Title                    = {A Short Note on Modeling Damage in Peridynamics},
   Author                   = {Emmrich, Etienne and Puhst, Dimitri},
   Journal                  = {Journal of Elasticity},
   Year                     = {2016},
   Month                    = {04},
   Day                      = {01},
   Volume                   = {123},
   Number                   = {2},
   Pages                    = {245--252},
   DOI                      = {10.1007/s10659-015-9550-5},
   ISSN                     = {1573-2681},
   URL                      = {https://doi.org/10.1007/s10659-015-9550-5},
   Keywords                 = {}, 
}

@article{FanH2017,
   Title                    = {A Peridynamics-SPH modeling and simulation of blast fragmentation of soil under buried explosive loads},
   Author                   = {Houfu Fan and Shaofan Li},
   Journal                  = {Computer Methods in Applied Mechanics and Engineering},
   Year                     = {2017},
   Month                    = {},
   Day                      = {},
   Volume                   = {318},
   Number                   = {},
   Pages                    = {349--381},
   DOI                      = {10.1016/j.cma.2017.01.026},
   ISSN                     = {0045-7825},
   URL                      = {http://www.sciencedirect.com/science/article/pii/S0045782517301652},
   Keywords                 = {Blast load, Fragmentation, Granular material, Peridynamics, Smoothed Particle Hydrodynamics (SPH), Soil kinematics}, 
}

@article{FosterJT2010,
   Title                    = {Viscoplasticity using peridynamics},
   Author                   = {John T. Foster and Stewart A. Silling and Weinong W. Chen},
   Journal                  = {International Journal for Numerical Methods in Engineering},
   Year                     = {2010},
   Volume                   = {81},
   Number                   = {10},
   Pages                    = {1242--1258},
   DOI                      = {10.1002/nme.2725},
   ISSN                     = {1097-0207},
   URL                      = {http://dx.doi.org/10.1002/nme.2725},
   Keywords                 = {peridynamics, peridynamic states, plasticity, non-local theory, integral equations, continuum mechanics, Taylor impact}, 
}

@article{FosterJT2011,
  Title                    = {An Energy based Failure Criterion for use with Peridynamic States},
  Author                   = {John T.  Foster and Stewart A.  Silling and Weinong  Chen},
  Journal                  = {International Journal for Multiscale Computational Engineering},
  Year                     = {2011},
  Volume                   = {9},
  Number                   = {6},
  Pages                    = {675--688},
  DOI                      = {10.1615/IntJMultCompEng.2011002407},
  ISSN                     = {0020-7683},
  URL                      = {http://www.dl.begellhouse.com/journals/61fd1b191cf7e96f,5dbda3444284ba35,7d22e9255b968290.html},
}

@article{FosterJT2011a,
  Title                    = {Dynamic crack initiation toughness of 4340 steel at constant loading rates },
  Author                   = {John T. Foster and Weinong Chen and V.K. Luk},
  Journal                  = {Engineering Fracture Mechanics },
  Year                     = {2011},
  Number                   = {6},
  Pages                    = {1264 - 1276},
  Volume                   = {78},
  Doi                      = {10.1016/j.engfracmech.2011.02.019},
  ISSN                     = {0013-7944},
  Url                      = {http://www.sciencedirect.com/science/article/pii/S0013794411000889}
}

@article{FosterJT2011b,
  Title                    = {An Energy based Failure Criterion for use with Peridynamic States},
  Author                   = {John T. Foster and Stewart A. Silling and Weinong Chen},
  Journal                  = {International Journal for Multiscale Computational Engineering},
  Year                     = {2011},
  Number                   = {6},
  Pages                    = {675--688},
  Volume                   = {9},
  Doi                      = {10.1615/IntJMultCompEng.2011002407},
  ISSN                     = {0020-7683},
  Url                      = {http://www.dl.begellhouse.com/journals/61fd1b191cf7e96f,5dbda3444284ba35,7d22e9255b968290.html}
}

@article{FreimanisA2017,
  Title                    = {Mesh Sensitivity in Peridynamic Quasi-static Simulations},
  Author                   = {Andris Freimanis and Ainars Paeglitis},
  Journal                  = {Procedia Engineering},
  Year                     = {2017},
  Volume                   = {172},
  Pages                    = {284--291},
  DOI                      = {10.1016/j.proeng.2017.02.116},
  ISSN                     = {1877-7058},
  URL                      = {http://www.sciencedirect.com/science/article/pii/S1877705817306227},
  Keywords                 = {Peridynamics,mesh,convergence,sensitivity,state-based},
  Note                     = {Modern Building Materials, Structures and Techniques},
}

@article{GalvanettoU2016,
  Title                    = {An effective way to couple \{FEM\} meshes and Peridynamics grids for the solution of static equilibrium problems},
  Author                   = {Ugo Galvanetto and Teo Mudric and Arman Shojaei and Mirco Zaccariotto},
  Journal                  = {Mechanics Research Communications},
  Year                     = {2016},
  Volume                   = {76},
  Pages                    = {41--47},
  DOI                      = {10.1016/j.mechrescom.2016.06.006},
  ISSN                     = {0093-6413},
  URL                      = {http://www.sciencedirect.com/science/article/pii/S0093641316300611},
  Keywords                 = {Peridynamics,Coupling,Non-local theory,Finite element method,Surface effects},
}

@article{GanzenmuellerGC2015,
  Title                    = {On the similarity of meshless discretizations of Peridynamics and Smooth-Particle Hydrodynamics},
  Author                   = {Ganzenm{\"u}ller, G. C. and Hiermaier, S. and May, M.},
  Journal                  = {Computers \& Structures},
  Year                     = {2015},
  Pages                    = {71--78},
  Volume                   = {150},
  DOI                      = {10.1016/j.compstruc.2014.12.011},
}

@article{GhajariM2014,
  Title                    = {A peridynamic material model for the analysis of dynamic crack propagation in orthotropic media},
  Author                   = {Ghajari, M. and Iannucci, L. and Curtis, P.},
  Journal                  = {Computer Methods in Applied Mechanics and Engineering},
  Year                     = {2014},
  Volume                   = {276},
  Pages                    = {431--452},
  DOI                      = {10.1016/j.cma.2014.04.002},
  ISSN                     = {0045-7825},
  URL                      = {http://dx.doi.org/10.1016/j.cma.2014.04.002},
  Keywords                 = {anisotropy,bone,ceramic,fracture,peridynamics},
}

@article{GuX2017,
  Title                    = {Voronoi-based peridynamics and cracking analysis with adaptive refinement},
  Author                   = {Gu, Xin and Zhang, Qing and Xia, Xiaozhou},
  Journal                  = {International Journal for Numerical Methods in Engineering},
  Year                     = {2017},
  Volume                   = {112},
  Number                   = {13},
  Pages                    = {2087--2109},
  DOI                      = {10.1002/nme.5596},
  ISSN                     = {1097-0207},
  URL                      = {http://dx.doi.org/10.1002/nme.5596},
  Keywords                 = {adaptive refinement, dual-horizon, dynamic crack propagation, elastic wave, peridynamics, Voronoi diagram},
}

@article{GuXB2016,
  Title                    = {The Application of Nonordinary, State-Based Peridynamic Theory on the Damage Process of the Rock-Like Materials},
  Author                   = {X. B. Gu and Q. H. Wu},
  Journal                  = {Mathematical Problems in Engineering},
  Year                     = {2016},
  Volume                   = {},
  Number                   = {},
  Pages                    = {},
  DOI                      = {10.1155/2016/9794605},
  ISSN                     = {},
  URL                      = {http://dx.doi.org/10.1155/2016/9794605},
  Keywords                 = {},
}

@article{HaYD2010,
  title                    = {Studies of dynamic crack propagation and crack branching with peridynamics},
  author                   = {Ha, Youn Doh and Bobaru, Florin},
  journal                  = {International Journal of Fracture},
  year                     = {2010},
  volume                   = {162},
  number                   = {1},
  pages                    = {229--244},
  doi                      = {10.1007/s10704-010-9442-4},
  issn                     = {1573-2673},
  url                      = {http://dx.doi.org/10.1007/s10704-010-9442-4},
}

@article{HaYD2011,
  title                    = {Characteristics of dynamic brittle fracture captured with peridynamics},
  author                   = {Ha, Youn Doh and Bobaru, Florin},
  journal                  = {Engineering Fracture Mechanics},
  year                     = {2011},
  volume                   = {78},
  number                   = {6},
  pages                    = {1156--1168},
  doi                      = {10.1016/j.engfracmech.2010.11.020},
  issn                     = {0013-7944},
  url                      = {http://www.sciencedirect.com/science/article/pii/S0013794410004959},
  Keywords                 = {Crack-path instability,Crack branching,Dynamic brittle fracture,Peridynamics,Nonlocal methods},
}

@article{HaYD2015,
  title                    = {Fracturing patterns of rock-like materials in compression captured with peridynamics},
  author                   = {Youn Doh Ha and Jooeun Lee and Jung-Wuk Hong},
  journal                  = {Engineering Fracture Mechanics},
  year                     = {2015},
  volume                   = {144},
  number                   = {},
  pages                    = {176--193},
  doi                      = {10.1016/j.engfracmech.2015.06.064},
  issn                     = {0013-7944},
  url                      = {http://www.sciencedirect.com/science/article/pii/S0013794415003306},
  Keywords                 = {Peridynamics,Tensile wing cracks,Shear cracks,Rock-like materials},
}

@article{HanF2016,
  author                   = {Fei Han and Gilles Lubineau and Yan Azdoud},
  title                    = {Adaptive coupling between damage mechanics and peridynamics: A route for objective simulation of material degradation up to complete failure},
  journal                  = {Journal of the Mechanics and Physics of Solids},
  year                     = {2016},
  volume                   = {94},
  pages                    = {453--472},
  issn                     = {0022-5096},
  doi                      = {http://doi.org/10.1016/j.jmps.2016.05.017},
  url                      = {http://www.sciencedirect.com/science/article/pii/S0022509616300175},
  Keywords                 = {Damage,Peridynamics,Fracture,Coupling,Localization},
}

@article{HanF2016b,
  author                   = {Fei Han and Gilles Lubineau and Yan Azdoud and Abe Askari},
  title                    = {A morphing approach to couple state-based peridynamics with classical continuum mechanics},
  journal                  = {Computer Methods in Applied Mechanics and Engineering},
  year                     = {2016},
  volume                   = {301},
  pages                    = {336--358},
  doi                      = {10.1016/j.cma.2015.12.024},
  issn                     = {0045-7825},
  url                      = {http://www.sciencedirect.com/science/article/pii/S0045782515004302},
  Keywords                 = {Morphing method,State-based peridynamics,Classical continuum mechanics,Coupling method},
}

@article{HuW2012b,
  author                   = {Wenke Hu and Youn Doh Ha and Florin Bobaru},
  title                    = {Peridynamic model for dynamic fracture in unidirectional fiber-reinforced composites},
  journal                  = {Computer Methods in Applied Mechanics and Engineering},
  year                     = {2012},
  volume                   = {217-220},
  pages                    = {247--261},
  DOI                      = {10.1016/j.cma.2012.01.016},
  ISSN                     = {0045-7825},
  URL                      = {http://www.sciencedirect.com/science/article/pii/S0045782512000278},
  Keywords                 = {Dynamic fracture,Crack propagation,Fiber-reinforced composites,Peridynamics,Damage},
}

@article{HuW2013,
  author                   = {Wenke Hu and Yenan Wang and Jian Yu and Chian-Fong Yen and Florin Bobaru},
  title                    = {Impact damage on a thin glass plate with a thin polycarbonate backing},
  journal                  = {International Journal of Impact Engineering},
  year                     = {2013},
  volume                   = {62},
  pages                    = {152--165},
  DOI                      = {10.1016/j.ijimpeng.2013.07.001},
  ISSN                     = {0734-743X},
  URL                      = {http://www.sciencedirect.com/science/article/pii/S0734743X13001395},
  Keywords                 = {Glass,Multi-layer,Brittle fracture,Impact,Peridynamics},
}

@article{HuY2017,
  author                   = {Hu, Y. and Madenci, E. and Phan, N.},
  title                    = {Peridynamics for predicting damage and its growth in composites},
  journal                  = {Fatigue \& Fracture of Engineering Materials \& Structures},
  year                     = {2017},
  volume                   = {40},
  number                   = {8},
  pages                    = {1214--1226},
  doi                      = {10.1111/ffe.12618},
  issn                     = {1460-2695},
  url                      = {http://dx.doi.org/10.1111/ffe.12618},
  Keywords                 = {composites, peridynamics, progressive damage, strength},
  note                     = {FFEMS-6807.R1},
}

@article{HuYL2015,
  author                   = {Hu, Y. L. and {De Carvalho}, N. V. and Madenci, E.},
  title                    = {Peridynamic modeling of delamination growth in composite laminates},
  journal                  = {Composite Structures},
  volume                   = {132},
  pages                    = {610--620},
  year                     = {2015},
  doi                      = {10.1016/j.compstruct.2015.05.079},
  issn                     = {0263-8223},
  url                      = {http://linkinghub.elsevier.com/retrieve/pii/S0263822315004626},
}

@article{HuYL2016,
  author                   = {Y.L. Hu and E. Madenci},
  title                    = {Bond-based peridynamic modeling of composite laminates with arbitrary fiber orientation and stacking sequence},
  journal                  = {Composite Structures},
  year                     = {2016},
  volume                   = {153},
  pages                    = {139--175},
  doi                      = {10.1016/j.compstruct.2016.05.063},
  issn                     = {0263-8223},
  url                      = {http://www.sciencedirect.com/science/article/pii/S0263822316303154},
  Keywords                 = {Peridynamics,Composites,Progressive,Failure,Hole,Tension,Compression},
}

@article{HuYL2017,
  author                   = {Y.L. Hu and E. Madenci},
  title                    = {Peridynamics for fatigue life and residual strength prediction of composite laminates},
  journal                  = {Composite Structures},
  volume                   = {160},
  pages                    = {169--184},
  year                     = {2017},
  doi                      = {10.1016/j.compstruct.2016.10.010},
  issn                     = {0263-8223},
  url                      = {http://www.sciencedirect.com/science/article/pii/S0263822316314805},
  Keywords                 = {Peridynamics,Composites,Progressive,Failure,Fatigue},
}

@article{HuangD2015,
  author                   = {Dan Huang and Guangda Lu and Pizhong Qiao},
  title                    = {An improved peridynamic approach for quasi-static elastic deformation and brittle fracture analysis},
  journal                  = {International Journal of Mechanical Sciences},
  year                     = {2015},
  volume                   = {94-95},
  pages                    = {111--122},
  issn                     = {0020-7403},
  doi                      = {10.1016/j.ijmecsci.2015.02.018},
  url                      = {http://www.sciencedirect.com/science/article/pii/S0020740315000727},
  Keywords                 = {Elastic behavior,Quasi-static response,Fracture,Peridynamic model,Concrete},
}

@article{HuangD2015b,
  author                   = {Dan Huang and Guangda Lu and Chongwen Wang and Pizhong Qiao},
  title                    = {An extended peridynamic approach for deformation and fracture analysis},
  journal                  = {Engineering Fracture Mechanics},
  year                     = {2015},
  volume                   = {141},
  pages                    = {196--211},
  issn                     = {0013-7944},
  doi                      = {10.1016/j.engfracmech.2015.04.036},
  url                      = {http://www.sciencedirect.com/science/article/pii/S0013794415002039},
  Keywords                 = {Quasi-static response,Dynamic fracture,Crack branching,Peridynamic theory},
}

@article{JabakhanjiR2015,
  author                   = {Rami Jabakhanji and Rabi H Mohtar},
  title                    = {A peridynamic model of flow in porous media},
  journal                  = {Advances in Water Resources},
  volume                   = {78},
  pages                    = {22--35},
  year                     = {2015},
  issn                     = {0309-1708},
  doi                      = {10.1016/j.advwatres.2015.01.014},
  url                      = {http://www.sciencedirect.com/science/article/pii/S0309170815000160},
  Keywords                 = {Flow,Unsaturated soil,Soil cracking,Peridynamics,Non-local model,Derivative-free model},
}

@article{JeonBS2015,
  Title                    = {Peridynamic simulations of brittle structures with thermal residual deformation: strengthening and structural reactivity of glasses under impacts},
  Author                   = {Jeon, ByoungSeon and Stewart, Ross J. and Ahmed, Izhar Z.},
  Journal                  = {Proceedings of the Royal Society of London A: Mathematical, Physical and Engineering Sciences},
  Volume                   = {471},
  Number                   = {2183},
  Pages                    = {20150231},
  Year                     = {2015},
  DOI                      = {10.1098/rspa.2015.0231},
  ISSN                     = {1364-5021},
  URL                      = {http://rspa.royalsocietypublishing.org/content/471/2183/20150231.abstract},
}

@article{JoldesGR2009,
  author                   = {Joldes, Grand Roman and Wittek, Adam and Miller, Karol},
  doi                      = {10.1016/j.cma.2009.06.012},
  issn                     = {0045-7825},
  journal                  = {Computer Methods in Applied Mechanics and Engineering},
  Keywords                 = {biomechanical models,non-rigid image registration},
  number                   = {41-44},
  pages                    = {3313--3320},
  publisher                = {Elsevier B.V.},
  title                    = {Computation of intra-operative brain shift using dynamic relaxation},
  url                      = {http://dx.doi.org/10.1016/j.cma.2009.06.012},
  volume                   = {198},
  year                     = {2009},
}

@article{JoldesGR2012,
  title                    = {An adaptive dynamic relaxation method for solving nonlinear finite element problems. Application to brain shift estimation},
  author                   = {Joldes, Grand Roman and Wittek, Adam and Miller, Karol},
  journal                  = {International Journal for Numerical Methods in Biomedical Engineering},
  year                     = {2011},
  volume                   = {27},
  number                   = {2},
  pages                    = {173--185},
  doi                      = {10.1002/cnm.1407.An},
  Keywords                 = {adaptive dynamic relaxation,biomechanical,eigenvalue estimation,gpu implementation,models,non-rigid image registration},
}

@article{JungJ2016,
  title                    = {Fatigue crack growth analysis in layered heterogeneous material systems using peridynamic approach},
  author                   = {Jeehyun Jung and Jongwon Seok},
  journal                  = {Composite Structures},
  year                     = {2016},
  volume                   = {152},
  number                   = {},
  pages                    = {403--407},
  doi                      = {10.1016/j.compstruct.2016.05.077},
  issn                     = {0263-8223},
  url                      = {http://www.sciencedirect.com/science/article/pii/S0263822316303920},
  Keywords                 = {Peridynamic,Fatigue crack growth,Functionally graded material,Heterogeneous material},
}

@article{JungJ2017,
  title                    = {FMixed-mode fatigue crack growth analysis using peridynamic approach},
  author                   = {Jeehyun Jung and Jongwon Seok},
  journal                  = {International Journal of Fatigue},
  year                     = {2017},
  volume                   = {103},
  number                   = {},
  pages                    = {591--603},
  doi                      = {10.1016/j.ijfatigue.2017.06.008},
  issn                     = {0142-1123},
  url                      = {http://www.sciencedirect.com/science/article/pii/S014211231730258X},
  Keywords                 = {Peridynamics,Mixed-mode fatigue,J-integral,J-integral mode decomposition,Modified Paris law},
}

@article{KilicB2009,
  title                    = {Peridynamic theory for progressive damage prediction in center-cracked composite laminates},
  author                   = {Kilic, Bahattin and Agwai, A. and Madenci, Erdogan},
  doi                      = {10.1016/j.compstruct.2009.02.015},
  issn                     = {0263-8223},
  journal                  = {Composite Structures},
  number                   = {2},
  pages                    = {141--151},
  publisher                = {Elsevier Ltd},
  url                      = {http://dx.doi.org/10.1016/j.compstruct.2009.02.015},
  volume                   = {90},
  year                     = {2009},
}

@article{KilicB2009b,
  title                    = {Structural stability and failure analysis using peridynamic theory},
  author                   = {Bahattin Kilic and Erdogan Madenci},
  journal                  = {International Journal of Non-Linear Mechanics},
  volume                   = {44},
  number                   = {8},
  pages                    = {845--854},
  year                     = {2009},
  doi                      = {10.1016/j.ijnonlinmec.2009.05.007},
  issn                     = {0020-7462},
  url                      = {http://www.sciencedirect.com/science/article/pii/S0020746209000912},
  Keywords                 = {Peridynamics,Structural stability,Damage},
}

@article{KilicB2009c,
  title                    = {Prediction of crack paths in a quenched glass plate by using peridynamic theory},
  author                   = {Bahattin Kilic and Erdogan Madenci},
  journal                  = {International Journal of Fracture},
  volume                   = {156},
  number                   = {2},
  pages                    = {165--177},
  year                     = {2009},
  doi                      = {10.1007/s10704-009-9355-2},
  issn                     = {1573-2673},
  url                      = {https://doi.org/10.1007/s10704-009-9355-2},
  Keywords                 = {},
}

@article{KilicB2010,
  Title                    = {An adaptive dynamic relaxation method for quasi-static simulations using the peridynamic theory},
  Author                   = {Kilic, Bahattin and Madenci, Erdogan},
  Publisher                = {Elsevier},
  Journal                  = {Theoretical and Applied Fracture Mechanics},
  Year                     = {2010},
  Volume                   = {53},
  Number                   = {3},
  Pages                    = {194--204},
  DOI                      = {10.1016/j.tafmec.2010.08.001},
  ISSN                     = {01678442},
  URL                      = {http://dx.doi.org/10.1016/j.tafmec.2010.08.001},
  Keywords                 = {Damage,Dynamic relaxation,Nonlinear,Peridynamics},
}

@article{KilicB2010a,
  Title                    = {Coupling of Peridynamic theory and the finite element method},
  Author                   = {Kilic, Bahattin and Madenci, Erdogan},
  Journal                  = {Journal of Mechanics of Materials and Structures},
  Volume                   = {5},
  Number                   = {3},
  Pages                    = {707--733},
  Year                     = {2010},
  DOI                      = {10.1007/978-1-4614-8465-3{\_}11},
  URL                      = {http://link.springer.com/chapter/10.1007/978-1-4614-8465-3\_11},
  Keywords                 = {axial deformation,bending,finite element modeling,piezoel,piezoelectric structures,power harvesting,rotary inertia},
}

@article{LaiX2015,
  Title                    = {Peridynamics simulations of geomaterial fragmentation by impulse loads},
  Author                   = {Lai, Xin and Ren, Bo and Fan, Houfu and Li, Shaofan and Wu, C.T. and Regueiro, Richard A. and Liu, Lisheng},
  Journal                  = {International Journal for Numerical and Analytical Methods in Geomechanics},
  Volume                   = {39},
  Number                   = {12},
  Pages                    = {1304--1330},
  Year                     = {2015},
  DOI                      = {10.1002/nag.2356},
  ISSN                     = {1096-9853},
  URL                      = {http://dx.doi.org/10.1002/nag.2356},
  Keywords                 = {peridynamics, U-p formulation, Drucker-Prager model, saturated geomaterial, fragmentation},
}

@article{LaiX2017,
  Title                    = {A non-ordinary state-based peridynamics modeling of fractures in quasi-brittle materials},
  Author                   = {Xin Lai and Lisheng Liu and Shaofan Li and Migbar Zeleke and Qiwen Liu and Zhen Wang},
  Journal                  = {International Journal of Impact Engineering},
  Volume                   = {111},
  Number                   = {Supplement C},
  Pages                    = {130--146},
  Year                     = {2018},
  DOI                      = {10.1016/j.ijimpeng.2017.08.008},
  ISSN                     = {0734-743X},
  URL                      = {http://www.sciencedirect.com/science/article/pii/S0734743X16308880},
  Keywords                 = {Brittle fracture, Ceramics, Johnson-Holmquist model, Peridynamics, Non-local mechanics model, Quasi-brittle materials},
}

@article{LazopoulosAK2016,
  Title                    = {On fractional peridynamic deformations},
  Author                   = {Lazopoulos, A. K.},
  Journal                  = {Archive of Applied Mechanics},
  Volume                   = {86},
  Number                   = {12},
  Pages                    = {1987--1994},
  Year                     = {2016},
  Month                    = {12},
  Day                      = {01},
  DOI                      = {10.1007/s00419-016-1163-3},
  ISSN                     = {1432-0681},
  URL                      = {https://doi.org/10.1007/s00419-016-1163-3},
  Keywords                 = {},
}

@article{LeeJ2016,
  Title                    = {Dynamic crack branching and curving in brittle polymers},
  Author                   = {Jooeun Lee and Jung-Wuk Hong},
  Journal                  = {International Journal of Solids and Structures},
  Volume                   = {100-101},
  Number                   = {Supplement C},
  Pages                    = {332--340},
  Year                     = {2016},
  DOI                      = {10.1016/j.ijsolstr.2016.09.002},
  ISSN                     = {0020-7683},
  URL                      = {http://www.sciencedirect.com/science/article/pii/S0020768316302505},
  Keywords                 = {Crack branching, Crack curving, Brittle polymers, Dynamic fracture, Peridynamics},
}

@article{LeeJ2017,
  Title                    = {Crack coalescence morphology in rock-like material under compression},
  Author                   = {Lee, Jooeun and Ha, Youn Doh and Hong, Jung-Wuk},
  Journal                  = {International Journal of Fracture},
  Year                     = {2017},
  Month                    = {Jan},
  Day                      = {01},
  Volume                   = {203},
  Number                   = {1},
  Pages                    = {211--236},
  DOI                      = {10.1007/s10704-016-0138-2},
  ISSN                     = {1573-2673},
  URL                      = {https://doi.org/10.1007/s10704-016-0138-2},
  Keywords                 = {},
}

@article{LejeuneE2017,
  Title                    = {Modeling tumor growth with peridynamics},
  Author                   = {Lejeune, Emma and Linder, Christian},
  Journal                  = {Biomechanics and Modeling in Mechanobiology},
  Volume                   = {16},
  Number                   = {4},
  Pages                    = {1141--1157},
  Year                     = {2017},
  Month                    = {Aug},
  Day                      = {01},
  DOI                      = {10.1007/s10237-017-0876-8},
  ISSN                     = {1617-7940},
  URL                      = {https://doi.org/10.1007/s10237-017-0876-8},
  Keywords                 = {},
}

@article{LeQVan2014,
  Title                    = {A two-dimensional ordinary, state-based peridynamic model for linearly elastic solids},
  Author                   = {Le, Q.V. and Chan, W.K. and Schwartz, J.},
  Journal                  = {International Journal for Numerical Methods in Engineering},
  Year                     = {2014},
  Volume                   = {98},
  Number                   = {8},
  Pages                    = {547--561},
  DOI                      = {10.1002/nme.4642},
  ISSN                     = {0029-5981},
  URL                      = {http://www.ingentaconnect.com/content/bpl/nme/2014/00000098/00000008/art00001},
  Keywords                 = {solids, mesh-free methods, peridynamics, elasticity, two dimensional},
}

@article{LiS2018,
  Title                    = {Corrosion-induced embrittlement in ZK60A Mg alloy},
  Author                   = {Shumin Li and Ziguang Chen and Li Tan and Florin Bobaru},
  Journal                  = {Materials Science and Engineering: A},
  Year                     = {2018},
  Volume                   = {713},
  Number                   = {},
  Pages                    = {7--17},
  DOI                      = {10.1016/j.msea.2017.12.053},
  ISSN                     = {0921-5093},
  URL                      = {http://www.sciencedirect.com/science/article/pii/S0921509317316490},
  Keywords                 = {Magnesium alloys, Alteration, Stress corrosion cracking, Hydrogen embrittlement, Fracture, Peridynamics},
}

@article{LiptonR2014,
  Title                    = {Dynamic Brittle Fracture as a Small Horizon Limit of Peridynamics},
  Author                   = {Lipton, Robert},
  Journal                  = {Journal of Elasticity},
  Year                     = {2014},
  Month                    = {Oct},
  Day                      = {01},
  Volume                   = {117},
  Number                   = {1},
  Pages                    = {21--50},
  DOI                      = {10.1007/s10659-013-9463-0},
  ISSN                     = {1573-2681},
  URL                      = {https://doi.org/10.1007/s10659-013-9463-0},
  Keywords                 = {},
}

@article{LindsayP2016,
  Title                    = {Enabling fast, stable and accurate peridynamic computations using multi-time-step-integration},
  Author                   = {P. Lindsay and M.L. Parks and A. Prakash},
  Journal                  = {Computer Methods in Applied Mechanics and Engineering},
  Volume                   = {306},
  Number                   = {},
  Pages                    = {382--405},
  Year                     = {2016},
  DOI                      = {10.1016/j.cma.2016.03.049},
  ISSN                     = {0045-7825},
  URL                      = {http://www.sciencedirect.com/science/article/pii/S0045782516301360},
  Keywords                 = {Peridynamics,Multi-Time-Step,Nonlocal,Fracture},
}

@article{LiuH2018,
  Title                    = {A Fast Discontinuous Galerkin Method for a Bond-Based Linear Peridynamic Model Discretized on a Locally Refined Composite Mesh},
  Author                   = {Liu, Huan and Cheng, Aijie and Wang, Hong},
  Journal                  = {Journal of Scientific Computing},
  Volume                   = {},
  Number                   = {},
  Pages                    = {},
  Year                     = {2018},
  Month                    = {01},
  Day                      = {19},
  DOI                      = {10.1007/s10915-018-0645-6},
  ISSN                     = {1573-7691},
  URL                      = {https://doi.org/10.1007/s10915-018-0645-6},
  Keywords                 = {},
}

@article{LiuM2017,
  Title                    = {Peridynamic simulation of brittle-ice crushed by a vertical structure},
  Author                   = {Minghao Liu and Qing Wang and Wei Lu},
  Journal                  = {International Journal of Naval Architecture and Ocean Engineering},
  Volume                   = {9},
  Number                   = {2},
  Pages                    = {209--218},
  Year                     = {2017},
  DOI                      = {10.1016/j.ijnaoe.2016.10.003},
  ISSN                     = {2092-6782},
  URL                      = {http://www.sciencedirect.com/science/article/pii/S2092678216305088},
  Keywords                 = {Numerical simulation,Ice-structure interaction,State-based peridynamics,Ice crushing,Ice forces},
}

@article{LiuZ2018,
  Title                    = {A Fast Finite Difference Method for a Continuous Static Linear Bond-Based Peridynamics Model of Mechanics},
  Author                   = {Liu, Zhengguang and Li, Xiaoli},
  Journal                  = {Journal of Scientific Computing},
  Volume                   = {74},
  Number                   = {2},
  Pages                    = {728--742},
  Year                     = {2018},
  Month                    = {02},
  Day                      = {01},
  DOI                      = {10.1007/s10915-017-0456-1},
  ISSN                     = {1573-7691},
  URL                      = {https://doi.org/10.1007/s10915-017-0456-1},
  Keywords                 = {},
}

@article{MacekRW2007,
  Title                    = {Peridynamics via finite element analysis},
  Author                   = {Macek, Richard W. and Silling, Stewart A.},
  Journal                  = {Finite Elements in Analysis and Design},
  Volume                   = {43},
  Number                   = {15},
  Pages                    = {1169--1178},
  Year                     = {2007},
  DOI                      = {10.1016/j.finel.2007.08.012},
}

@article{MadenciE2016,
  Title                    = {Ordinary state-based peridynamics for plastic deformation according to von Mises yield criteria with isotropic hardening},
  Author                   = {Erdogan Madenci and Selda Oterkus},
  Journal                  = {Journal of the Mechanics and Physics of Solids},
  Year                     = {2016},
  Volume                   = {86},
  Pages                    = {192--219},
  DOI                      = {10.1016/j.jmps.2015.09.016},
  ISSN                     = {0022-5096},
  URL                      = {http://www.sciencedirect.com/science/article/pii/S0022509615300909},
  Keywords                 = {Peridynamics,Plasticity,Isotropic,Hardening,Failure},
}

@article{MadenciE2017,
  Title                    = {Ordinary state-based peridynamics for thermoviscoelastic deformation},
  Author                   = {Madenci, Erdogan and Oterkus, Selda},
  Journal                  = {Engineering Fracture Mechanics},
  Year                     = {2017},
  Volume                   = {175},
  Pages                    = {31--45},
  DOI                      = {10.1016/j.engfracmech.2017.02.011},
  ISSN                     = {0013-7944},
  URL                      = {http://www.sciencedirect.com/science/article/pii/S0013794416305069},
  Keywords                 = {Peridynamics,Viscoelasticity,Isotropic,Prony series,Failure},
}

@article{MadenciE2018,
  Title                    = {Peridynamic unit cell homogenization for thermoelastic properties of heterogenous microstructures with defects},
  Author                   = {E. Madenci and A. Barut and N. Phan},
  Journal                  = {Composite Structures},
  Year                     = {2018},
  Volume                   = {188},
  Pages                    = {104--115},
  DOI                      = {10.1016/j.compstruct.2018.01.009},
  ISSN                     = {0263-8223},
  URL                      = {http://www.sciencedirect.com/science/article/pii/S0263822317329926},
  Keywords                 = {Peridynamics, Homogenization, Unit cell, Microstructure, Heterogeneous, Composites},
}

@article{MarangantiR2007,
  Title                    = {Length Scales at which Classical Elasticity Breaks Down for Various Materials},
  Author                   = {Maranganti, R. and Sharma, P.},
  Journal                  = {Phys. Rev. Lett.},
  Publisher                = {American Physical Society},
  Year                     = {2007},
  Month                    = {May},
  Volume                   = {98},
  Number                   = {19},
  Pages                    = {195504-1--195504-4},
  DOI                      = {10.1103/PhysRevLett.98.195504},
  ISSN                     = {},
  URL                      = {https://link.aps.org/doi/10.1103/PhysRevLett.98.195504},
  Keywords                 = {},
}

@article{MellaR2015,
  Title                    = {Modelling explicit fracture of nuclear fuel pellets using peridynamics},
  Author                   = {R. Mella and M.R. Wenman},
  Journal                  = {Journal of Nuclear Materials},
  Year                     = {2015},
  Volume                   = {467},
  Number                   = {Part 1},
  Pages                    = {58--67},
  DOI                      = {10.1016/j.jnucmat.2015.08.037},
  ISSN                     = {0022-3115},
  URL                      = {http://www.sciencedirect.com/science/article/pii/S0022311515301732},
  Keywords                 = {Peridynamics modelling, Nuclear fuel, Pellet-cladding interactions, UO, Fracture},
}

@article{MengeshaT2015,
  Title                    = {On the variational limit of a class of nonlocal functionals related to peridynamics},
  Author                   = {Tadele Mengesha and Qiang Du},
  Journal                  = {Nonlinearity},
  Year                     = {2015},
  Volume                   = {28},
  Number                   = {11},
  Pages                    = {},
  DOI                      = {10.1088/0951-7715/28/11/3999},
  ISSN                     = {},
  URL                      = {http://stacks.iop.org/0951-7715/28/i=11/a=3999},
  Keywords                 = {},
}

@article{MeoDD2016,
  Title                    = {Modelling of stress-corrosion cracking by using peridynamics},
  Author                   = {Dennj De Meo and Cagan Diyaroglu and Ning Zhu and Erkan Oterkus and M. Amir Siddiq},
  Journal                  = {International Journal of Hydrogen Energy},
  Year                     = {2016},
  Volume                   = {41},
  Number                   = {15},
  Pages                    = {6593--6609},
  DOI                      = {10.1016/j.ijhydene.2016.02.154},
  ISSN                     = {0360-3199},
  URL                      = {http://www.sciencedirect.com/science/article/pii/S0360319915301245},
  Keywords                 = {Stress-corrosion cracking,Polycrystalline materials,Peridynamics,Grain boundary diffusion,Crack branching,Hydrogen adsorption-induced decohesion},
}

@article{MitchellJA2015,
  Title                    = {A Position-Aware Linear Solid Constitutive Model for Peridynamics},
  Author                   = {Mitchell, John A. and Silling, Stewart A. and Littlewood, David J.},
  Journal                  = {Mechanics of Materials and Structures},
  Year                     = {2015},
  Volume                   = {10},
  Number                   = {5},
  Pages                    = {539--557},
  Doi                      = {10.2140/jomms.2015.10.539},
  ISSN                     = {00457949}
}

@article{MossaibyF2017,
  Title                    = {OpenCL implementation of a high performance 3D Peridynamic model on graphics accelerators},
  Author                   = {F. Mossaiby and A. Shojaei and M. Zaccariotto and U. Galvanetto},
  Journal                  = {Computers \& Mathematics with Applications},
  Year                     = {2017},
  Volume                   = {74},
  Number                   = {8},
  Pages                    = {1856--1870},
  DOI                      = {10.1016/j.camwa.2017.06.045},
  ISSN                     = {0898-1221},
  URL                      = {http://www.sciencedirect.com/science/article/pii/S0898122117304030},
  Keywords                 = {Peridynamics, Parallel implementation, OpenCL, OpenMP, Graphics accelerators},
}

@article{NadimiS2016,
  Title                    = {A 3D peridynamic simulation of hydraulic fracture process in a heterogeneous medium},
  Author                   = {S. Nadimi and I. Miscovic and J. McLennan},
  Journal                  = {Journal of Petroleum Science and Engineering},
  Year                     = {2016},
  Volume                   = {145},
  Pages                    = {444--452},
  DOI                      = {10.1016/j.petrol.2016.05.032},
  ISSN                     = {0920-4105},
  URL                      = {http://www.sciencedirect.com/science/article/pii/S092041051630208X},
  Keywords                 = {Hydraulic fracturing,Peridynamics theory,Numerical modeling,PD viscoelastic model,Heterogeneous medium},
}

@article{NiT2018,
  Title                    = {Peridynamic simulation of fracture in quasi brittle solids using irregular finite element mesh},
  Author                   = {Tao Ni and Qi-zhi Zhu and Lun-Yang Zhao and Peng-Fei Li},
  Journal                  = {Engineering Fracture Mechanics},
  Year                     = {2018},
  Volume                   = {188},
  Pages                    = {320--343},
  DOI                      = {10.1016/j.engfracmech.2017.08.028},
  ISSN                     = {0013-7944},
  URL                      = {http://www.sciencedirect.com/science/article/pii/S0013794417302023},
  Keywords                 = {Peridynamic method, Irregular grids, Local encryption technology, Crack propagation, Brittle solids},
}

@article{NishawalaVV2016,
  Title                    = {Simulation of elastic wave propagation using cellular automata and peridynamics, and comparison with experiments},
  Author                   = {Vinesh V. Nishawala and Martin Ostoja-Starzewski and Michael J. Leamy and Paul N. Demmie},
  Journal                  = {Wave Motion},
  Year                     = {2016},
  Volume                   = {60},
  Pages                    = {73--83},
  DOI                      = {10.1016/j.wavemoti.2015.08.005},
  ISSN                     = {0165-2125},
  URL                      = {http://www.sciencedirect.com/science/article/pii/S0165212515001195},
  Keywords                 = {Peridynamics, Cellular Automata, Lamb's Problem, Wave propagation, Surface waves, Validation},
}

@article{OterkusE2012,
  Title                    = {Peridynamic analysis of fiber-reinforced composite materials},
  Author                   = {Oterkus, Erkan and Madenci, Erdogan},
  Journal                  = {Journal of Mechanics of Materials and Structures},
  Year                     = {2012},
  Volume                   = {7},
  Number                   = {1},
  Pages                    = {45--81},
  DOI                      = {10.2140/jomms.2012.7.45},
}

@article{OterkusE2012a,
  Title                    = {Combined finite element and peridynamic analyses for predicting failure in a stiffened composite curved panel with a central slot},
  Author                   = {Erkan Oterkus and Erdogan Madenci and Olaf Weckner and Stewart Silling and Philip Bogert and Alexander Tessler},
  Journal                  = {Composite Structures},
  Year                     = {2012},
  Volume                   = {94},
  Number                   = {3},
  Pages                    = {839--850},
  DOI                      = {10.1016/j.compstruct.2011.07.019},
  ISSN                     = {0263-8223},
  URL                      = {http://www.sciencedirect.com/science/article/pii/S0263822311002741},
  Keywords                 = {Progressive},
}

@article{OterkusS2014,
  Title                    = {Fully coupled peridynamic thermomechanics},
  Author                   = {Selda Oterkus and Erdogan Madenci and Abigail Agwai},
  Journal                  = {Journal of the Mechanics and Physics of Solids},
  Year                     = {2014},
  Volume                   = {64},
  Number                   = {},
  Pages                    = {1--23},
  DOI                      = {10.1016/j.jmps.2013.10.011},
  ISSN                     = {0022-5096},
  URL                      = {http://www.sciencedirect.com/science/article/pii/S0022509613002196},
  Keywords                 = {Peridynamics,Thermal,Deformation,Coupled,Thermomechanics},
}

@article{OterkusS2014b,
  Title                    = {Peridynamic thermal diffusion},
  Author                   = {Selda Oterkus and Erdogan Madenci and Abigail Agwai},
  Journal                  = {Journal of Computational Physics},
  Year                     = {2014},
  Volume                   = {265},
  Number                   = {},
  Pages                    = {71--96},
  DOI                      = {10.1016/j.jcp.2014.01.027},
  ISSN                     = {0021-9991},
  URL                      = {http://www.sciencedirect.com/science/article/pii/S0021999114000540},
  Keywords                 = {Thermal, Conduction, Diffusion, Peridynamics, Nonlocal},
}

@article{OuchiH2015,
  Title                    = {A fully coupled porous flow and geomechanics model for fluid driven cracks: a peridynamics approach},
  Author                   = {Ouchi, Hisanao and Katiyar, Amit and York, Jason and Foster, John T. and Sharma, Mukul M.},
  Journal                  = {Computational Mechanics},
  Year                     = {2015},
  Volume                   = {55},
  Number                   = {3},
  Pages                    = {561--576},
  DOI                      = {10.1007/s00466-015-1123-8},
  ISSN                     = {1432-0924},
  URL                      = {10.1007/s00466-015-1123-8},
  Keywords                 = {},
}

@article{PrakashN2016,
  Title                    = {Electromechanical peridynamics modeling of piezoresistive response of carbon nanotube nanocomposites},
  Author                   = {Naveen Prakash and Gary D. Seidel},
  Journal                  = {Computational Materials Science},
  Year                     = {2016},
  Volume                   = {113},
  Number                   = {},
  Pages                    = {154--170},
  DOI                      = {10.1016/j.commatsci.2015.11.008},
  ISSN                     = {0927-0256},
  URL                      = {http://www.sciencedirect.com/science/article/pii/S0927025615007156},
  Keywords                 = {Peridynamics,Non-local methods,Polymer nanocomposites,Piezoresistivity,Electron hopping},
}

@article{QueirugaJA2017,
  Title                    = {Numerical experiments on the convergence properties of state-based peridynamic laws and influence functions in two-dimensional problems},
  Author                   = {Alejandro-F. Queiruga and George Moridis},
  Journal                  = {Computer Methods in Applied Mechanics and Engineering},
  Year                     = {2017},
  Volume                   = {322},
  Number                   = {},
  Pages                    = {97--122},
  DOI                      = {10.1016/j.cma.2017.04.016},
  ISSN                     = {0045-7825},
  URL                      = {http://www.sciencedirect.com/science/article/pii/S0045782516311598},
  Keywords                 = {Peridynamics,Linear fracture mechanics,Convergence},
}

@article{RaedelM2018,
  Title                    = {Peridynamic analysis of fibre-matrix debond and matrix failure mechanisms in
composites under transverse tensile load by an energy-based damage criterion},
  Author                   = {Martin R{\"a}del and Christian Willberg and Daniel Krause},
  Journal                  = {Composites Part B},
  Year                     = {2018},
  Volume                   = {},
  Number                   = {},
  Pages                    = {},
  DOI                      = {},
  ISSN                     = {},
  URL                      = {},
  Keywords                 = {},
}

@article{RahmanR2015,
  Title                    = {Peridynamic theory of solids from the perspective of classical statistical mechanics},
  Author                   = {R. Rahman and J.T. Foster},
  Journal                  = {Physica A: Statistical Mechanics and its Applications},
  Year                     = {2015},
  Volume                   = {437},
  Number                   = {},
  Pages                    = {162--183},
  DOI                      = {10.1016/j.physa.2015.05.099},
  ISSN                     = {0378-4371},
  URL                      = {http://www.sciencedirect.com/science/article/pii/S037843711500521X},
  Keywords                 = {Molecular dynamics,Peridynamics,Statistical mechanics},
}

@article{RenB2015,
  Title                    = {A peridynamics--SPH coupling approach to simulate soil fragmentation induced by shock waves},
  Author                   = {Ren, Bo and Fan, Houfu and Bergel, Guy L. and Regueiro, Richard A. and Lai, Xin and Li, Shaofan},
  Journal                  = {Computational Mechanics},
  Year                     = {2015},
  Month                    = {Feb},
  Day                      = {01},
  Volume                   = {55},
  Number                   = {2},
  Pages                    = {287--302},
  DOI                      = {10.1007/s00466-014-1101-6},
  ISSN                     = {1432-0924},
  URL                      = {https://doi.org/10.1007/s00466-014-1101-6},
  Keywords                 = {},
}

@article{RenH2016,
  Title                    = {Dual-horizon peridynamics: A stable solution to varying horizons},
  Author                   = {Ren, H. and Zhuang, X. and Cai, Y. and Rabczuk, T.},
  Journal                  = {Internal Journal for Numerical Methods in Engineering},
  Year                     = {2016},
  Volume                   = {108}, 
  Number                   = {12},
  Pages                    = {1451--1476},
  Doi                      = {10.1002/nme.5257},
}

@article{RenH2016b,
  Title                    = {A new peridynamic formulation with shear deformation for elastic solid},
  Author                   = {Ren, H. and Zhuang, X. and Rabczuk, T.},
  Journal                  = {Journal of Micromechanics and Molecular Physics},
  Year                     = {2016},
  Volume                   = {01}, 
  Number                   = {02},
  Pages                    = {1650009},
  Doi                      = {10.1142/S2424913016500090},
}

@article{RoyD2015,
  Title                    = {A micropolar peridynamic theory in linear elasticity},
  Author                   = {Shubhankar Roy Chowdhury and Md. Masiur Rahaman and Debasish Roy and Narayan Sundaram},
  Journal                  = {International Journal of Solids and Structures},
  Year                     = {2015},
  Volume                   = {59},
  Pages                    = {171--182},
  DOI                      = {10.1016/j.ijsolstr.2015.01.018},
  ISSN                     = {0020-7683},
  URL                      = {http://www.sciencedirect.com/science/article/pii/S0020768315000293},
  Keywords                 = {Micropolar peridynamics,Length scales,Constitutive correspondence,Timoshenko-type beams,Plane stress problems},
}

@article{RoyP2017,
  Title                    = {Phase field based peridynamics damage model for delamination of composite structures},
  Author                   = {Pranesh Roy and S.P. Deepu and Anil Pathrikar and Debasish Roy and J.N. Reddy},
  Journal                  = {Composite Structures},
  Year                     = {2017},
  Volume                   = {180},
  Pages                    = {972--993},
  DOI                      = {10.1016/j.compstruct.2017.08.071},
  ISSN                     = {0263-8223},
  URL                      = {http://www.sciencedirect.com/science/article/pii/S026382231731601X},
  Keywords                 = {Phase field,Peridynamics,Delamination,Mixed mode,Multiple-layer delamination},
}

@article{RoyP2017b,
  Title                    = {Peridynamics damage model through phase field theory},
  Author                   = {Pranesh Roy and Anil Pathrikar and S.P. Deepu and Debasish Roy},
  Journal                  = {International Journal of Mechanical Sciences},
  Year                     = {2017},
  Volume                   = {128-129},
  Number                   = {Supplement C},
  Pages                    = {181--193},
  DOI                      = {10.1016/j.ijmecsci.2017.04.016},
  ISSN                     = {0020-7403},
  URL                      = {http://www.sciencedirect.com/science/article/pii/S0020740317301145},
  Keywords                 = {Phase field, Peridynamics, Constitutive correspondence, Crack propagation, Crack branching, Kalthoff-Winkler experiment},
}

@article{SaregoG2016,
  Title                    = {Linearized state-based peridynamics for 2-D problems},
  Author                   = {Sarego, G. and Le, Q. V. and Bobaru, F. and Zaccariotto, M. and Galvanetto, U.},
  Journal                  = {International Journal for Numerical Methods in Engineering},
  Year                     = {2016},
  Volume                   = {108},
  Number                   = {10},
  Pages                    = {1174--1197},
  DOI                      = {10.1002/nme.5250},
  ISSN                     = {1097-0207},
  URL                      = {http://onlinelibrary.wiley.com/doi/10.1002/nme.5250/full},
  Keywords                 = {linearized peridynamics, state-based stiffness matrix, plane stress, plane strain},
}

@article{SelesonP2011,
  Title                    = {On the Role of the Influence Function in the Peridynamic Theory},
  Author                   = {Pablo Seleson and Michael L. Parks},
  Journal                  = {International Journal for Multiscale Computational Engineering},
  Year                     = {2011},
  Volume                   = {9},
  Number                   = {6},
  Pages                    = {689--706},
  DOI                      = {10.1615/IntJMultCompEng.2011002527},
  ISSN                     = {1543-1649},
  URL                      = {http://citeseerx.ist.psu.edu/viewdoc/download?doi=10.1.1.226.1934&rep=rep1&type=pdf},
  Keywords                 = {},
}

@article{SelesonP2014,
  Title                    = {Peridynamic State-Based Models and the Embedded-Atom Model},
  Author                   = {Pablo Seleson and Michael L. Parks and Max Gunzberger},
  Journal                  = {Communications in Computational Physics},
  Year                     = {2014},
  Volume                   = {15},
  Number                   = {1},
  Pages                    = {179--205},
  DOI                      = {10.4208/cicp.081211.300413a},
  ISSN                     = {},
  URL                      = {https://www.cambridge.org/core/journals/communications-in-computational-physics/article/peridynamic-statebased-models-and-the-embeddedatom-model/53B0BC9CAC05905E23ACF95162B4EEAF},
  Keywords                 = {},
}

@article{SelesonP2014b,
  Title                    = {Improved one-point quadrature algorithms for two-dimensional peridynamic models based on analytical calculations},
  Author                   = {Pablo Seleson},
  Journal                  = {Computer Methods in Applied Mechanics and Engineering},
  Volume                   = {282},
  Number                   = {Supplement C},
  Pages                    = {184--217},
  Year                     = {2014},
  DOI                      = {10.1016/j.cma.2014.06.016},
  ISSN                     = {0045-7825},
  URL                      = {http://www.sciencedirect.com/science/article/pii/S0045782514002023},
  Keywords                 = {Peridynamics, Meshfree method, One-point Gauss quadrature rule, Influence functions},
}

@article{SelesonP2016,
  Title                    = {On the consistency between nearest-neighbor peridynamic discretizations and discretized classical elasticity models},
  Author                   = {Pablo Seleson and Qiang Du and Michael L. Parks},
  Journal                  = {Computer Methods in Applied Mechanics and Engineering},
  Volume                   = {311},
  Pages                    = {698--722},
  Year                     = {2016},
  DOI                      = {10.1016/j.cma.2016.07.039},
  ISSN                     = {0045-7825},
  URL                      = {http://www.sciencedirect.com/science/article/pii/S0045782516308210},
  Keywords                 = {Peridynamics,Meshfree method,Consistency,Nodal-based quadratures,Classical finite differences,Navier-Cauchy equation of classical elasticity},
}

@article{SelesonP2016b,
  Title                    = {Convergence studies in meshfree peridynamic simulations},
  Author                   = {Pablo Seleson and David J. Littlewood},
  Journal                  = {Computers \& Mathematics with Applications},
  Volume                   = {71},
  Number                   = {11},
  Pages                    = {2432--2448},
  Year                     = {2016},
  DOI                      = {10.1016/j.camwa.2015.12.021},
  ISSN                     = {0898-1221},
  URL                      = {http://www.sciencedirect.com/science/article/pii/S0898122115005891},
  Note                     = {Proceedings of the conference on Advances in Scientific Computing and Applied Mathematics. A special issue in honor of Max Gunzburgers 70th birthday},
  Keywords                 = {Peridynamics,Meshfree method,Convergence,Partial volumes,Influence functions},
}

@article{ShafieiA2018,
  Title                    = {Dynamic crack propagation in plates weakened by inclined cracks: an investigation based on peridynamics},
  Author                   = {Shafiei, A.},
  Journal                  = {Frontiers of Structural and Civil Engineering},
  Volume                   = {},
  Number                   = {},
  Pages                    = {},
  Year                     = {2018},
  Month                    = {02},
  Day                      = {09},
  DOI                      = {10.1007/s11709-018-0450-1},
  ISSN                     = {2095-2449},
  URL                      = {https://doi.org/10.1007/s11709-018-0450-1},
  Keywords                 = {},
}

@article{ShojaeiA2016,
  Title                    = {A coupled meshless finite point/Peridynamic method for 2D dynamic fracture analysisl elasticity using switching of nodal behaviour},
  Author                   = {A. Shojaei and T. Mudric and M. Zaccariotto and U. Galvanetto},
  Journal                  = {International Journal of Mechanical Sciences},
  Year                     = {2016},
  Volume                   = {119},
  Number                   = {Supplement C},
  Pages                    = {419--431},
  DOI                      = {10.1016/j.ijmecsci.2016.11.003},
  ISSN                     = {0020-7403},
  URL                      = {http://www.sciencedirect.com/science/article/pii/S0020740316306798},
  Keywords                 = {Meshless, Peridynamics, Coupling, Switching, Crack propagation},
}

@article{ShojaeiA2017,
  Title                    = {Coupling of 2D discretized Peridynamics with a meshless method based on classical elasticity using switching of nodal behaviour},
  Author                   = {Arman Shojaei and Mirco Zaccariotto and Ugo Galvanetto},
  Journal                  = {Engineering Computations},
  Year                     = {2017},
  Volume                   = {34},
  Number                   = {5},
  Pages                    = {1334--1366},
  DOI                      = {10.1108/EC-03-2016-0078},
  ISSN                     = {0898-1221},
  URL                      = {https://doi.org/10.1108/EC-03-2016-0078},
  Keywords                 = {},
}

@article{SillingSA2000,
  Title                    = {Reformulation of elasticity theory for discontinuities and long-range forces},
  Author                   = {Silling, Stewart A.},
  Journal                  = {Journal of the Mechanics and Physics of Solids},
  Volume                   = {48},
  Number                   = {1},
  Pages                    = {175--209},
  Year                     = {2000},
  DOI                      = {10.1016/S0022-5096(99)00029-0},
  ISSN                     = {00225096},
  Keywords                 = {dynamics,elastic material,fracture,stability and bifurcation,stress waves},
}

@article{SillingSA2003,
  title                    = {Deformation of a Peridynamic Bar},
  Journal                  = {Journal of Elasticity},
  author                   = {Silling, Stewart A. and Zimmermann, M. and Abeyaratne, R.},
  volume                   = {73},
  number                   = {1},
  pages                    = {173--190},
  year                     = {2003},
  doi                      = {10.1023/B:ELAS.0000029931.03844.4f},
  Keywords                 = {arise naturally in the,discontinuities of various sorts,discontinuity,elastic bar,fourier transform,fredholm integral equations,green,linear integral equations,modeling of many phenom-,peridynamic,peridynamic theory,point load,s function},
}

@article{SillingSA2004a,
  title                    = {Peridynamic Modeling of Impact Damage},
  author                   = {Silling, Stewart A. and Askari, Ehssan},
  Journal                  = {American Society of Mechanical Engineers, Pressure Vessels and Piping Division},
  Volume                   = {489},
  pages                    = {197--205},
  year                     = {2004},
  DOI                      = {10.1115/PVP2004-3049},
}

@article{SillingSA2005,
  Title                    = {A meshfree method based on the peridynamic model of solid mechanics},
  Author                   = {Silling, Stewart A. and Askari, E.},
  Journal                  = {Computers and Structures},
  Year                     = {2005},
  Number                   = {17-18},
  Pages                    = {1526--1535},
  Volume                   = {83},
  DOI                      = {10.1016/j.compstruc.2004.11.026},
  ISSN                     = {00457949},
}

@article{SillingSA2007,
  Title                    = {Peridynamic States and Constitutive Modeling},
  Author                   = {Silling, Stewart A. and Epton, M. and Weckner, O. and Xu, J. and Askari, E.},
  Journal                  = {Journal of Elasticity},
  Year                     = {2007},
  Volume                   = {88},
  Pages                    = {151--184},
  Doi                      = {10.1007/s10659-007-9125-1},
}

@article{SillingSA2008,
  Title                    = {Convergence of peridynamics to classical elastic theory},
  Author                   = {Silling, Stewart A. and Lehoucq, R.},
  Journal                  = {Journal of Elasticity},
  Year                     = {2008},
  Volume                   = {93},
  Pages                    = {13--37},
  DOI                      = {10.1007/s10659-008-9163-3},
  ISSN                     = {0374-3535},
  URL                      = {http://link.springer.com/10.1007/s10659-008-9163-3},
}

@article{SillingSA2017,
  Title                    = {Stability of peridynamic correspondence material models and their particle discretizations},
  Author                   = {Silling, Stewart A.},
  Journal                  = {Computer Methods in Applied Mechanics and Engineering},
  Year                     = {2017},
  Volume                   = {332},
  Number                   = {},
  Pages                    = {42--57},
  DOI                      = {10.1016/j.cma.2017.03.043},
  ISSN                     = {0045-7825},
  URL                      = {http://www.sciencedirect.com/science/article/pii/S0045782516307046},
}

@article{SillingSA2017b,
  Title                    = {Modeling shockwaves and impact phenomena with Eulerian peridynamics},
  Author                   = {Stewart A. Silling and Michael L. Parks and James R. Kamm and Olaf Weckner and Mostafa Rassaian},
  Journal                  = {International Journal of Impact Engineering},
  Year                     = {2017},
  Volume                   = {107},
  Number                   = {},
  Pages                    = {47--57},
  DOI                      = {10.1016/j.ijimpeng.2017.04.022},
  ISSN                     = {0734-743X},
  URL                      = {http://www.sciencedirect.com/science/article/pii/S0734743X16308934},
  Keywords                 = {Shockwave,Spall,Peridynamic,Nonlocal,Birdstrike},
}

@article{SunC2016,
  Title                    = {Peridynamic simulation to impacting damage in composite laminate},
  Author                   = {Qi Tong and Shaofan Li},
  Journal                  = {Journal of the Mechanics and Physics of Solids},
  Year                     = {2016},
  Volume                   = {138},
  Number                   = {},
  Pages                    = {335--341},
  DOI                      = {10.1016/j.compstruct.2015.12.001},
  ISSN                     = {0263-8223},
  URL                      = {http://www.sciencedirect.com/science/article/pii/S0263822315010788},
  Keywords                 = {Chaoyang Sun and Zaixing Huang,Peridynamics,PD rate-dependent constitutive model,Composite laminates,Impact velocity,Damage},
}

@article{SunS2014,
  Title                    = {A peridynamic implementation of crystal plasticity},
  Author                   = {S. Sun and V. Sundararaghavan},
  Journal                  = {International Journal of Solids and Structures},
  Year                     = {2014},
  Volume                   = {51},
  Number                   = {19},
  Pages                    = {3350--3360},
  DOI                      = {10.1016/j.ijsolstr.2014.05.027},
  ISSN                     = {0020-7683},
  URL                      = {http://www.sciencedirect.com/science/article/pii/S0020768314002212},
  Keywords                 = {Microstructure,Crystal plasticity,Peridynamics,Simulation,Theory},
}

@article{TaylorM2015,
  Title                    = {A two-dimensional peridynamic model for thin plates},
  Author                   = {Michael Taylor and David J Steigmann},
  Journal                  = {Mathematics and Mechanics of Solids},
  Year                     = {2015},
  Volume                   = {20},
  Number                   = {8},
  Pages                    = {998--1010},
  DOI                      = {10.1177/1081286513512925},
  ISSN                     = {},
  URL                      = {https://doi.org/10.1177/1081286513512925},
  Keywords                 = {},
}

@article{TaylorM2016,
  Title                    = {Peridynamic Modeling of Ruptures in Biomembranes},
  Author                   = {Taylor, Michael AND G{\"o}zen, Irep AND Patel, Samir AND Jesorka, Aldo AND Bertoldi, Katia},
  Journal                  = {PLOS ONE},
  Publisher                = {Public Library of Science},
  Year                     = {2016},
  Volume                   = {11},
  Number                   = {11},
  Pages                    = {1--14},
  DOI                      = {10.1371/journal.pone.0165947},
  ISSN                     = {},
  URL                      = {https://doi.org/10.1371/journal.pone.0165947},
  Keywords                 = {},
}

@article{TianX2013,
  Title                    = {Analysis and Comparison of Different Approximations to Nonlocal Diffusion and Linear Peridynamic Equations},
  Author                   = {Xiaochuan Tian and Qiand Du},
  Journal                  = {SIAM Journal on Numerical Analysis},
  Year                     = {2013},
  Volume                   = {51},
  Number                   = {6},
  Pages                    = {3458--3482},
  DOI                      = {10.1137/13091631X},
  ISSN                     = {},
  URL                      = {http://epubs.siam.org/doi/abs/10.1137/13091631X},
  Keywords                 = {},
}

@article{TongQ2016,
  Title                    = {Multiscale coupling of molecular dynamics and peridynamics},
  Author                   = {Qi Tong and Shaofan Li},
  Journal                  = {Journal of the Mechanics and Physics of Solids},
  Year                     = {2016},
  Volume                   = {95},
  Number                   = {},
  Pages                    = {169--187},
  DOI                      = {10.1016/j.jmps.2016.05.032},
  ISSN                     = {0022-5096},
  URL                      = {http://www.sciencedirect.com/science/article/pii/S0022509615303422},
  Keywords                 = {Fracture,Molecular dynamics,Multiscale coupling,Peridynamics,Solid mechanics},
}

@article{TupekMR2013,
  Title                    = {An approach for incorporating classical continuum damage models in state-based peridynamics},
  Author                   = {{Tupek}, M.~R. and {Rimoli}, J.~J. and {Radovitzky}, R.},
  Journal                  = {Computer Methods in Applied Mechanics and Engineering},
  Year                     = {2013},
  Volume                   = {263},
  Number                   = {},
  Pages                    = {20--26},
  DOI                      = {10.1016/j.cma.2013.04.012},
  ISSN                     = {},
  URL                      = {https://dspace.mit.edu/handle/1721.1/108095},
  Keywords                 = {},
}

@article{TupekMR2014b,
  Title                    = {An extended constitutive correspondence formulation of peridynamics based on nonlinear bond-strain measures},
  Author                   = {{Tupek}, M.~R. and {Radovitzky}, R.},
  Journal                  = {Journal of the Mechanics and Physics of Solids},
  Year                     = {2014},
  Volume                   = {65},
  Number                   = {Supplement C},
  Pages                    = {82--92},
  DOI                      = {10.1016/j.jmps.2013.12.012},
  ISSN                     = {0022-5096},
  URL                      = {http://www.sciencedirect.com/science/article/pii/S0022509614000027},
  Keywords                 = {Peridynamics, Extended constitutive correspondence, Nonlinear strain measures, Matter interpenetration},
}

@article{VanLeQ2017,
  Title                    = {Surface corrections for peridynamic models in elasticity and fracture},
  Author                   = {Van Le, Quang and Bobaru, Florin},
  Journal                  = {Computational Mechanics},
  Year                     = {2017},
  Month                    = {08},
  Day                      = {30},
  Volume                   = {},
  Number                   = {},
  Pages                    = {},
  DOI                      = {10.1007/s00466-017-1469-1},
  ISSN                     = {1432-0924},
  URL                      = {https://doi.org/10.1007/s00466-017-1469-1},
  Keywords                 = {},
}

@article{VanLeQ2018,
  Title                    = {Objectivity of State-Based Peridynamic Models for Elasticity},
  Author                   = {Van Le, Quang and Bobaru, Florin},
  Journal                  = {Journal of Elasticity},
  Year                     = {2018},
  Month                    = {03},
  Day                      = {01},
  Volume                   = {131},
  Number                   = {1},
  Pages                    = {1--17},
  DOI                      = {10.1007/s10659-017-9641-6},
  ISSN                     = {1573-2681},
  URL                      = {https://doi.org/10.1007/s10659-017-9641-6},
  Keywords                 = {},
}

@article{WangL2017,
  Title                    = {Transmitting boundary conditions for 1D peridynamics},
  Author                   = {Wang, Linjuan and Chen, Yongshuai and Xu, Jifeng and Wang, Jianxiang},
  Journal                  = {International Journal for Numerical Methods in Engineering},
  Year                     = {2017},
  Volume                   = {110},
  Number                   = {4},
  Pages                    = {379--400},
  DOI                      = {10.1002/nme.5373},
  ISSN                     = {1097-0207},
  URL                      = {http://onlinelibrary.wiley.com/doi/10.1002/nme.5373/abstract},
  Keywords                 = {peridynamics, transmitting boundary conditions, nonlocality, meshfree methods},
}

@article{WangY2016,
  Title                    = {Numerical simulation of propagation and coalescence of flaws in rock materials under compressive loads using the extended non-ordinary state-based peridynamics},
  Author                   = {Yunteng Wang and Xiaoping Zhou and Xiao Xu},
  Journal                  = {Engineering Fracture Mechanics},
  Year                     = {2016},
  Volume                   = {163},
  Number                   = {},
  Pages                    = {248--273},
  DOI                      = {10.1016/j.engfracmech.2016.06.013},
  ISSN                     = {0013-7944},
  URL                      = {http://www.sciencedirect.com/science/article/pii/S0013794416302697},
  Keywords                 = {Crack propagation,Crack coalescence,Compressive loads,Rock materials,Extended NOSB-PD},
}

@article{WarrenTL2009,
  Title                    = {A non-ordinary state-based peridynamic method to model solid material deformation and fracture},
  Author                   = {Thomas L. Warren and Stewart A. Silling and Abe Askari and Olaf Weckner and Michael A. Epton and Jifeng Xu},
  Journal                  = {International Journal of Solids and Structures },
  Year                     = {2009},
  Volume                   = {46},
  Number                   = {5},
  Pages                    = {1186--1195},
  DOI                      = {10.1016/j.ijsolstr.2008.10.029},
  ISSN                     = {0020-7683},
  URL                      = {http://www.sciencedirect.com/science/article/pii/S0020768308004496},
  Keywords                 = {Peridynamics},
}

@article{WecknerO2005,
  title                    = {The effect of long-range forces on the dynamics of a bar},
  author                   = {Weckner, Olaf and Abeyaratne, Rohan},
  journal                  = {Journal of the Mechanics and Physics of Solids},
  volume                   = {53},
  number                   = {3},
  pages                    = {705--728},
  year                     = {2005},
  doi                      = {10.1016/j.jmps.2004.08.006},
  issn                     = {0022-5096},
  Keywords                 = {Displacement jump,Fracture,Long-range,Microelastic,Nonlocal,Peridynamic},
}

@article{WecknerO2009,
  Title                    = {Green{\textquoteright}s functions in non-local three-dimensional linear elasticity},
  Author                   = {Weckner, Olaf and Brunk, Gerd and Epton, Michael A. and Silling, Stewart A. and Askari, Ebrahim},
  Journal                  = {Proceedings of the Royal Society of London A: Mathematical, Physical and Engineering Sciences},
  Year                     = {2009},
  Volume                   = {465},
  Number                   = {2111},
  Pages                    = {3463--3487},
  Doi                      = {10.1098/rspa.2009.0234},
  ISSN                     = {1364-5021},
  Publisher                = {The Royal Society},
  Url                      = {http://rspa.royalsocietypublishing.org/content/465/2111/3463},
}

@article{WecknerO2013,
  Title                    = {Viscoelastic material models in peridynamics},
  Author                   = {Olaf Weckner and Nik Abdullah Nik Mohamed},
  Journal                  = {Applied Mathematics and Computation},
  Year                     = {2013},
  Volume                   = {219},
  Number                   = {11},
  Pages                    = {6039--6043},
  Doi                      = {10.1016/j.amc.2012.11.090},
  ISSN                     = {0096-3003},
  Url                      = {http://www.sciencedirect.com/science/article/pii/S009630031201257X},
}

@article{WillbergC2018,
  Title                    = {A mode-dependent energy-based damage model for peridynamics and its implementation},
  Author                   = {Christian Willberg and Lasse Wiedemann and Martin R{\"a}del},
  Journal                  = {Journal of Mechanics of Materials and Structures},
  Year                     = {2018},
  Volume                   = {},
  Number                   = {},
  Pages                    = {},
  Doi                      = {},
  ISSN                     = {},
  Url                      = {},
}

@article{WuCT2014,
  Title                    = {Kinematic constraints in the state-based peridynamics with mixed local/nonlocal gradient approximations},
  Author                   = {C.T. Wu},
  Journal                  = {Computational Mechanics},
  Year                     = {2014},
  Month                    = {Nov},
  Day                      = {01},
  Volume                   = {54},
  Number                   = {5},
  Pages                    = {1255--1267},
  Doi                      = {10.1007/s00466-014-1055-8},
  ISSN                     = {1432-0924},
  Url                      = {https://doi.org/10.1007/s00466-014-1055-8},
  Keywords                 = {},
}

@article{WuCT2015,
  Title                    = {A stabilized non-ordinary state-based peridynamics for the nonlocal ductile material failure analysis in metal machining process},
  Author                   = {C.T. Wu and B. Ren},
  Journal                  = {Computer Methods in Applied Mechanics and Engineering},
  Year                     = {2015},
  Volume                   = {291},
  Pages                    = {197--215},
  Doi                      = {10.1016/j.cma.2015.03.003},
  ISSN                     = {0045-7825},
  Publisher                = {The Royal Society},
  Url                      = {http://www.sciencedirect.com/science/article/pii/S0045782515000948},
  Keywords                 = {State-based peridynamics,Mixed local/nonlocal approximation,Stabilization,Machining},
}

@article{XuF2016,
  title                    = {A Multiscale Implementation Based on Adaptive Mesh Refinement for the Nonlocal Peridynamics Model in One Dimension},
  author                   = {Feifei Xu and Max Gunzburger and John Burkardt and Qiang Du},
  journal                  = {Multiscale Modeling \& Simulation},
  year                     = {2016},
  volume                   = {14},
  number                   = {1},
  pages                    = {398--429},
  doi                      = {10.1137/15M1010300},
  Url                      = {https://doi.org/10.1137/15M1010300},
}

@article{XuJ2008,
  title                    = {Peridynamic Analysis of Impact Damage in Composite Laminates},
  author                   = {Xu, Jifeng and Askari, Abe and Weckner, Olaf and Silling, Stewart},
  journal                  = {Journal of Aerospace Engineering},
  year                     = {2008},
  volume                   = {21},
  number                   = {3},
  pages                    = {187--194},
  doi                      = {10.1061/(ASCE)0893-1321(2008)21:3(187)},
}

@article{XuZ2018,
  Title                    = {Elastic vortices and thermally-driven cracks in brittle materials with peridynamics},
  Author                   = {Xu, Zhanping and Zhang, Guanfeng and Chen, Ziguang and Bobaru, Florin},
  Journal                  = {International Journal of Fracture},
  Year                     = {2018},
  Month                    = {01},
  Day                      = {01},
  Volume                   = {209},
  Number                   = {1},
  Pages                    = {203--222},
  Doi                      = {10.1007/s10704-017-0256-5},
  ISSN                     = {1573-2673},
  Url                      = {https://doi.org/10.1007/s10704-017-0256-5},
  Keywords                 = {},
}

@article{YaghoobiA2015,
  Title                    = {Meshless modeling framework for fiber reinforced concrete structures},
  Author                   = {Amin Yaghoobi and Mi G. Chorzepa},
  Journal                  = {Computers \& Structures},
  Year                     = {2015},
  Volume                   = {161},
  Pages                    = {43--54},
  Doi                      = {10.1016/j.compstruc.2015.08.015},
  ISSN                     = {0045-7949},
  Url                      = {http://www.sciencedirect.com/science/article/pii/S0045794915002485},
  Keywords                 = {Fiber reinforced concrete,Peridynamics,Failure analysis,Local damage},
}

@article{YaghoobiA2017,
  Title                    = {Higher-order approximation to suppress the zero-energy mode in non-ordinary state-based peridynamics},
  Author                   = {Amin Yaghoobi and Mi G. Chorzepa},
  Journal                  = {Computers \& Structures},
  Year                     = {2017},
  Volume                   = {188},
  Pages                    = {63--79},
  Doi                      = {10.1016/j.compstruc.2017.03.019},
  ISSN                     = {0045-7949},
  Url                      = {http://www.sciencedirect.com/science/article/pii/S0045794916305739},
  Keywords                 = {Zero-energy mode,State-based peridynamics,Non-ordinary,Stability},
}

@article{YaghoobiA2017b,
  Title                    = {Mesoscale Fracture Analysis of Multiphase Cementitious Composites Using Peridynamics},
  Author                   = {Amin Yaghoobi and Mi G. Chorzepa and S. Sonny Kim and Stephan A. Durham and Erik Schlangen},
  Journal                  = {Materials},
  Year                     = {2017},
  Volume                   = {10},
  Number                   = {2},
  Pages                    = {162},
  Doi                      = {10.3390/ma10020162},
  ISSN                     = {},
  Url                      = {https://www.ncbi.nlm.nih.gov/pmc/articles/PMC5459147/},
  Keywords                 = {},
}

@article{YaghoobiA2017c,
  Title                    = {Fracture analysis of fiber reinforced concrete structures in the micropolar peridynamic analysis framework},
  Author                   = {Amin Yaghoobi and Mi G. Chorzepa},
  Journal                  = {Engineering Fracture Mechanics},
  Year                     = {2017},
  Volume                   = {169},
  Number                   = {Supplement C},
  Pages                    = {238--250},
  Doi                      = {10.1016/j.engfracmech.2016.11.004},
  ISSN                     = {0013-7944},
  Url                      = {http://www.sciencedirect.com/science/article/pii/S0013794416305811},
  Keywords                 = {Micropolar peridynamics, Fiber reinforced concrete, Failure analysis, Discrete modeling},
}

@article{YolumU2016,
  Title                    = {A Peridynamic Model for Ductile Fracture of Moderately Thick Plates},
  Author                   = {U\v{c}ur Yolum and Ahmet Tastan and Mehmet A. G{\"u}ler},
  Journal                  = {Procedia Structural Integrity},
  Year                     = {2016},
  Volume                   = {2},
  Pages                    = {3713--3720},
  Doi                      = {10.1016/j.prostr.2016.06.461},
  ISSN                     = {2452-3216},
  Url                      = {http://www.sciencedirect.com/science/article/pii/S2452321616304802},
  Keywords                 = {peridynamics,fracture mechanics,finite element analysis,nonlocal,failure},
  Note                     = {21st European Conference on Fracture, ECF21, 20-24 June 2016, Catania, Italy},
}

@article{ZhangG2016,
  Title                    = {Validation of a peridynamic model for fatigue cracking},
  Author                   = {Guanfeng Zhang and Quang Le and Adrian Loghin and Arun Subramaniyan and Florin Bobaru},
  Journal                  = {Engineering Fracture Mechanics},
  Volume                   = {162},
  Pages                    = {76--94},
  Year                     = {2016},
  Doi                      = {10.1016/j.engfracmech.2016.05.008},
  ISSN                     = {0013-7944},
  URL                      = {http://www.sciencedirect.com/science/article/pii/S0013794416302296},
  Keywords                 = {Peridynamics,Fatigue cracking,Crack path,Fatigue life,Paris law},
}

@article{ZhangX2016,
  Title                    = {A fast collocation method for a static bond-based linear peridynamic model},
  Author                   = {Xuhao Zhang and Hong Wang},
  Journal                  = {Computer Methods in Applied Mechanics and Engineering},
  Year                     = {2016},
  Volume                   = {311},
  Number                   = {},
  Pages                    = {280--303},
  Doi                      = {10.1016/j.cma.2016.08.020},
  ISSN                     = {0045-7825},
  Url                      = {http://www.sciencedirect.com/science/article/pii/S0045782516309719},
  Keywords                 = {Fast collocation method, Nonlocal diffusion model, Peridynamic model},
}

@article{ZhaoJ2017,
  Title                    = {Peridynamics versus XFEM: a comparative study for quasistatic crack problems},
  Author                   = {Zhao, Jinhai and Tang, Hesheng and Xue, Songtao},
  Journal                  = {Frontiers of Structural and Civil Engineering},
  Volume                   = {},
  Pages                    = {},
  Year                     = {2017},
  Month                    = {10},
  Day                      = {26},
  Doi                      = {10.1007/s11709-017-0434-6},
  ISSN                     = {2095-2449},
  URL                      = {https://doi.org/10.1007/s11709-017-0434-6},
  Keywords                 = {},
}

@article{ZhaoJ2017b,
  Title                    = {A new fracture criterion for peridynamic and dual-horizon peridynamics},
  Author                   = {Zhao, Jinhai and Tang, Hesheng and Xue, Songtao},
  Journal                  = {Frontiers of Structural and Civil Engineering},
  Volume                   = {},
  Pages                    = {},
  Year                     = {2017},
  Month                    = {12},
  Day                      = {13},
  Doi                      = {10.1007/s11709-017-0447-1},
  ISSN                     = {2095-2449},
  URL                      = {https://doi.org/10.1007/s11709-017-0447-1},
  Keywords                 = {},
}

@article{ZhouW2017,
  Title                    = {Analyzing dynamic fracture process in fiber-reinforced composite materials with a peridynamic model},
  Author                   = {Wu Zhou and Dahsin Liu and Ning Liu},
  Journal                  = {Engineering Fracture Mechanics},
  Volume                   = {178},
  Pages                    = {60--76},
  Year                     = {2017},
  Doi                      = {10.1016/j.engfracmech.2017.04.022},
  ISSN                     = {0013-7944},
  URL                      = {http://www.sciencedirect.com/science/article/pii/S0013794417301182},
  Keywords                 = {Fiber reinforced composites,Peridynamic modeling,Dynamic fracture,Impact loading,Crack velocity},
}

@article{ZhouX2018,
  Title                    = {A novel conjugated bond linear elastic model in bond-based peridynamics for fracture problems under dynamic loads},
  Author                   = {Xiaoping Zhou and Yunteng Wang and Yundong Shou and Miaomiao Kou},
  Journal                  = {Engineering Fracture Mechanics},
  Volume                   = {188},
  Pages                    = {151--183},
  Year                     = {2018},
  Doi                      = {10.1016/j.engfracmech.2017.07.031},
  ISSN                     = {0013-7944},
  URL                      = {http://www.sciencedirect.com/science/article/pii/S0013794417300991},
  Keywords                 = {Linear elastic model, Conjugated bond-based peridynamics, Crack propagation, Dynamic loads, The standard bond-based peridynamics},
}

@article{ZhuQ2017,
  Title                    = {Peridynamic formulations enriched with bond rotation effects},
  Author                   = {Qi-zhi Zhu and Tao Ni},
  Journal                  = {International Journal of Engineering Science},
  Volume                   = {preprint},
  Pages                    = {},
  Year                     = {2017},
  Doi                      = {10.1016/j.ijengsci.2017.09.004},
  ISSN                     = {},
  URL                      = {http://www.sciencedirect.com/science/article/pii/S0013794417301182},
  Keywords                 = {Peridynamic modeling,Shear,Bond based},
}

@article{ZhouXP2015,
  Title                    = {Numerical simulations of propagation, bifurcation and coalescence of cracks in rocks},
  Author                   = {Xiao-Ping Zhou and Xin-Bao Gu and Yun-Teng Wang},
  Journal                  = {International Journal of Rock Mechanics and Mining Sciences},
  Volume                   = {80},
  Number                   = {Supplement C},
  Pages                    = {241--254},
  Year                     = {2015},
  Doi                      = {10.1016/j.ijrmms.2015.09.006},
  ISSN                     = {1365-1609},
  URL                      = {http://www.sciencedirect.com/science/article/pii/S1365160915300344},
  Keywords                 = {Peridynamic theory, Propagation process of pre-existing flaws, Numerical simulation, Brittle rock},
}

@article{ZhouXP2016,
  Title                    = {Numerical simulation of crack propagation and coalescence in pre-cracked rock-like Brazilian disks using the non-ordinary state-based peridynamics},
  Author                   = {Xiao-Ping Zhou and Yun-Teng Wang},
  Journal                  = {International Journal of Rock Mechanics and Mining Sciences},
  Volume                   = {89},
  Number                   = {Supplement C},
  Pages                    = {235--249},
  Year                     = {2016},
  Doi                      = {10.1016/j.ijrmms.2016.09.010},
  ISSN                     = {1365-1609},
  URL                      = {http://www.sciencedirect.com/science/article/pii/S1365160916301964},
  Keywords                 = {Initiation and propagation and coalescence of cracks, Fracture toughness, Brazilian disks with pre-existing cracks, Final failure load, Non-ordinary state-based peridynamics},
}

%--------------------------------------
% Book
%--------------------------------------

@book{BelytschkoT1983,
  Title                    = {Computational Methods in Mechanics Volume 1: Computational methods for transient analysis},
  Author                   = {Belytschko, Ted and Hughes, Thomas J. R.},
  Publisher                = {Elsevier Science Publishers B.V.},
  Year                     = {1983},
  Volume                   = {1},
  ISBN                     = {978-0444864796},
}

@book{BobaruF2017,
  Title                    = {Handbook of Peridynamic Modeling},
  Author                   = {Bobaru, Florin and Foster, John T. and Geubelle, P. H. and Silling, Stewart A.},
  Series                   = {Advances in Applied Mathematics},
  Publisher                = {CRC Press},
  ISBN                     = {978-1315355948},
  Year                     = {2016},
}

@book{MadenciE2014,
  Title                    = {Peridynamic Theory and Its Applications},
  Author                   = {Madenci, Erdogan and Oterkus, Erkan},
  Publisher                = {Springer, New York},
  Year                     = {2014},
  Volume                   = {1},
  DOI                      = {10.1007/978-1-4614-8465-3},
  ISBN                     = {978-1-4614-8464-6},
  Eprint                   = {arXiv:1011.1669v3},
  Pmid                     = {25246403}
}

@book{WurtzCA1881,
  title                    = {The Atomic Theory},
  address                  = {New York},
  author                   = {Wurtz, Charles Adolphe},
  publisher                = {D. Appleton and Company},
  year                     = {1881},
}

%--------------------------------------
% Booklet
%--------------------------------------

%--------------------------------------
% Conference
%--------------------------------------

@conference{DorduncuM2016,
  Title                    = {Peridynamic truss element for viscoelastic deformation},
  Author                   = {Dorduncu, Mehmet and Barut, Atila and Madenci, Erdogan},
  Booktitle                = {57th AIAA/ASCE/AHS/ASC Structures, Structural Dynamics, and Materials Conference, 4-8 January 2016, San Diego, California, USA},
  Year                     = {2016},
  DOI                      = {doi:10.2514/6.2016-1721},
  URL                      = {http://dx.doi.org/10.2514/6.2016-1721},
}

@conference{FosterJT2012,
  Title                    = {Implicit time integration of an ordinary state-based peridynamic plasticity model    with isotropic hardening},
  Author                   = {J.T. Foster and D.J. Littlewood and J.A. Mitchell and M.L. Parks},
  Booktitle                = {ASME International Mechanical Engineering Congress and Exposition, Houston, Texas, November 9-15, 2012},
  Year                     = {2012},
}

@conference{GerstleW2005,
  Title                    = {Peridynamic Modeling of Plain and Reinforced Concrete Structures},
  Author                   = {Walter Gerstle and Nicolas Sau and Stewart Silling},
  Booktitle                = {18th International Conference on Structural Mechanics in Reactor Technology (SMiRT 18), 7-12 August 2005, Beijing, China},
  Year                     = {2005},
  URL                      = {https://cfwebprod.sandia.gov/cfdocs/CompResearch/docs/GerstleSmirt18paper.pdf},
}

@conference{KahramanT2015,
  Title                    = {Implementation of peridynamic theory to LS-DYNA for prediction of crack propagation in a composite lamina},
  Author                   = {Kahraman, T. and Yolum, U. and Guler, M. A.},
  Booktitle                = {10th European LS\_DYNA Conference 2015, W{\"u}rzburg, Germany},
  Year                     = {2015},
  Keywords                 = {z},
}

@conference{LittlewoodD2013_Congress,
  Title                    = {The Peridigm Framework for Peridynamic Simulations},
  Author                   = {Littlewood, David J. and Parks, Michael L. and Mitchell, John A. and Silling, Stewart A.},
  Booktitle                = {12th U.S. National Congress on Computational Mechanics, 22-25 July 2013, Raleigh, North Carolina, USA},
  Year                     = {2013},
  Institution              = {Sandia National Laboratories},
  Address                  = {Albuquerque, New Mexico 87185 and Livermore, California 94550, USA},
  Number                   = {SAND2013-5927C},
  URL                      = {https://cfwebprod.sandia.gov/cfdocs/CompResearch/docs/Littlewood\_USNCCM2013.pdf},
}

@conference{LittlewoodD2013b,
  Title                    = {Estimation of the Critical Time Step for Peridynamic Models},
  Author                   = {Thomas, Jesse and Littlewood, David J. and Shelton, Timothy},
  Booktitle                = {12th U.S. National Congress on Computational Mechanics, 22-25 July 2013, Raleigh, North Carolina, USA},
  Year                     = {2013},
  Institution              = {Sandia National Laboratories},
  Address                  = {Albuquerque, New Mexico 87185 and Livermore, California 94550, USA},
  Number                   = {SAND2013-5738C},
  URL                      = {https://www.osti.gov/scitech/servlets/purl/1140383},
}

@conference{RaedelM2017,
  Title                    = {Effect of Discretization and Stochastic Material Distribution on Crack Initiation in Peridynamics},
  Author                   = {Martin R{\"a}del and Christian Willberg and Jochen Schmidt},
  Booktitle                = {14th U.S. National Congress on Computational Mechanics},
  Year                     = {2017},
  Month                    = {July},
  Day                      = {17-20},
  Address                  = {Montreal, Canada},
  Institution              = {German Aerospace Center (DLR)},
  Number                   = {},
  URL                      = {http://elib.dlr.de/113593/},
  Keywords                 = {Peridynamics, Failure, Damage, Fibre-reinforced plastics},
}

@conference{RaedelM2017b,
  Title                    = {Influence of probabilistic material distribution in peridynamics to the crack initiation},
  Author                   = {Martin R{\"a}del and Anna-Janina Bednarek and Jochen Schmidt and Christian Willberg},
  Booktitle                = {6th ECCOMAS Thematic Conference on the Mechanical Response of Composites: COMPOSITES 2017},
  Year                     = {2017},
  Month                    = {09},
  Day                      = {20-22},
  Address                  = {Eindhoven, Netherlands},
  Institution              = {German Aerospace Center (DLR)},
  Number                   = {},
  URL                      = {http://elib.dlr.de/114367/},
  Keywords                 = {Periynamic, Cracks, Material modelling},
}

@Conference{WillbergC2018b,
  author                   = {Christian Willberg and Martin R\"adel},
  title                    = {An energy based peridynamic state-based failure criterion},
  booktitle                = {PAMM-Proceedings, Applied Mathematics and Mechanics (submitted)},
  year                     = {2018},
}

@conference{Xu2007b,
  Title                    = {Damage and Failure Analysis of Composite Laminates under Biaxial Loads},
  Author                   = {Xu, Jifeng and Askari, Abe and Weckner, Olaf and Razi, Hamid and Silling, Stewart},
  Booktitle                = {Collection of Technical Papers - AIAA/ASME/ASCE/AHS/ASC Structures},
  Year                     = {2007},
  Doi                      = {10.2514/6.2007-2315},
  Journal                  = {48th AIAA/ASME/ASCE/AHS/ASC structures, structural dynamics, and materials conference}
}

%--------------------------------------
% Inbook
%--------------------------------------

@inbook{AskariE2015,
  Title                    = {Peridynamics for analysis of failure in advanced composite materials},
  Author                   = {Askari, A. and Azdoud, Y. and Han, F. and Lubineau, Gilles and Silling, Stewart A.},
  BookTitle                = {Numerical Modelling of Failure in Advanced Composite Materials},
  Editor                   = {Pedro Camanho and Stephen Hallett},
  Pages                    = {},
  Publisher                = {Elsevier},
  Address                  = {},
  Year                     = {2015},
  DOI                      = {10.1016/B978-0-08-100332-9.00012-8},
  URL                      = {http://hdl.handle.net/10754/622235},
}

@inbook{DiasJP2017,
  Title                    = {A Review of Crack Propagation Modeling Using Peridynamics},
  Author                   = {Dias, Jo{\~a}o Paulo and Bazani, M{\'a}rcio Antonio and Paschoalini, Amarildo Tabone and Barbanti, Luciano},
  BookTitle                = {Probabilistic Prognostics and Health Management of Energy Systems},
  Editor                   = {Ekwaro-Osire, Stephen and Gon{\c{c}}alves, Aparecido Carlos and Alemayehu, Fisseha M.},
  Pages                    = {111--126},
  Publisher                = {Springer International Publishing},
  Address                  = {Cham},
  Year                     = {2017},
  DOI                      = {10.1007/978-3-319-55852-3_7},
  URL                      = {https://doi.org/10.1007/978-3-319-55852-3_7},
  ISBN                     = {978-3-319-55852-3},
}

@inbook{EmmrichE2013,
  Title                    = {Peridynamics: A Nonlocal Continuum Theory},
  Author                   = {Emmrich, Etienne and Lehoucq, Richard B. and Puhst, Dimitri},
  BookTitle                = {Meshfree Methods for Partial Differential Equations VI},
  Editor                   = {Griebel, Michael and Schweitzer, Marc Alexander},
  Pages                    = {45--65},
  Publisher                = {Springer Berlin Heidelberg},
  Address                  = {Berlin, Heidelberg},
  Year                     = {2013},
  DOI                      = {10.1007/978-3-642-32979-1\_3},
  URL                      = {http://dx.doi.org/10.1007/978-3-642-32979-1\_3},
}

@inbook{UnderwoodP1983,
  author                   = {Underwood, Philip},
  title                    = {Dynamic Relaxation},
  BookTitle                = {Computational Methods for Transient Analysis},
  chapter                  = {5},
  publisher                = {Elsevier Science Pubhshers},
  Editor                   = {Belytschko, Ted and Hughes, Thomas J. R.},
  pages                    = {245--265},
  year                     = {1983}
}

%--------------------------------------
% Incollection
%--------------------------------------

@incollection{SillingSA2010b,
  Title                    = {Peridynamic Theory of Solid Mechanics},
  Author                   = {Silling, Stewart A. and Lehoucq, R. B.},
  Editor                   = {Hassan Aref and Erik van der Giessen},
  Series                   = {Advances in Applied Mechanics},
  Year                     = {2010},
  Volume                   = {44},
  Number                   = {Supplement C},
  Pages                    = {73--168},
  DOI                      = {10.1016/S0065-2156(10)44002-8},
  ISBN                     = {9780123808783},
  ISSN                     = {0065-2156},
  URL                      = {http://www.sciencedirect.com/science/article/pii/S0065215610440028},
}

%--------------------------------------
% Inproceedings
%--------------------------------------

@inproceedings{AidunJB2009,
  Author                   = {Aidun, J. B. and Silling, Stewart A.},
  Title                    = {Accurate prediction of dynamic fracture with peridynamics},
  Booktitle                = {Joint US-Russian Conference on Advances in Materials Science},
  Year                     = {2009},
  Pages                    = {2--7},
  Url                      = {http://www.sandia.gov/{~}sasilli/pd-dynfract-aidun.pdf}
}

@inproceedings{ButtSN2017b,
  Author                   = {Butt, Sahir and Meschke, G{\"u}nther},
  Title                    = {A 3D peridynamic model of rock cutting with TBM disc cutters},
  Booktitle                = {Proceedings of the 7th GACM Colloquium on Computational Mechanics},
  Year                     = {2017},
  Pages                    = {},
  Url                      = {https://www.gacm2017.uni-stuttgart.de/registration/Upload/ExtendedAbstracts/ExtendedAbstract_0067.pdf}
}

@inproceedings{FosterJT2009,
  Author                   = {Foster, John T. and Silling, Stewart A. and Chen, Wayne W.},
  Title                    = {State Based Peridynamic Modeling of Dynamic Fracture},
  Booktitle                = {Proceedings of the SEM Annual Conference, Albuquerque, USA},
  Year                     = {2009},
  Pages                    = {1--6},
  Keywords                 = {composite structures,damage,hail impact,peridynamic theory,residual strength},
}

@inproceedings{HuY2018,
  author                   = {Hu, Yile and Madenci, Erdogan and Phan, Nam},
  Title                    = {Peridynamic Modeling of Cracking in Ceramic Matrix Composites},
  Booktitle                = {Proceedings of the 17th International Conference on New Trends in Fatigue and Fracture},
  Publisher                = {Springer International Publishing},
  Editor                   = {Ambriz, Ricardo R. and Jaramillo, David and Plascencia, Gabriel and Nait Abdelaziz, Moussa},
  Series                   = {},
  Year                     = {2018},
  Address                  = {Cham},
  Pages                    = {341--354},
  DOI                      = {},
  ISSN                     = {},
  ISBN                     = {978-3-319-70365-7},
  Keywords                 = {},
}

@inproceedings{LevineJA2014,
  Author                   = {Levine, Joshua A. and Bargteil, Adam W. and Corsi, Christopher and Tessendorf, Jerry and Geist, Robert},
  Title                    = {A Peridynamic Perspective on Spring-Mass Fracture},
  Booktitle                = {Eurographics/ ACM SIGGRAPH Symposium on Computer Animation},
  Publisher                = {The Eurographics Association},
  Editor                   = {Vladlen Koltun and Eftychios Sifakis},
  Series                   = {},
  Year                     = {2014},
  Pages                    = {},
  DOI                      = {10.2312/sca.20141122},
  ISSN                     = {1727-5288},
  ISBN                     = {978-3-905674-61-3},
  Keywords                 = {},
}

@inproceedings{LittlewoodD2016,
  Author                   = {Littlewood, David and Silling, Stewart and Demmie, Paul},
  Title                    = {Identification of Fragments in a Meshfree Peridynamic Simulation},
  Booktitle                = {ASME International Mechanical Engineering Congress and Exposition},
  Publisher                = {The Eurographics Association},
  Editor                   = {Vladlen Koltun and Eftychios Sifakis},
  Series                   = {},
  Year                     = {2016},
  Pages                    = {},
  DOI                      = {10.1115/IMECE2016-65400},
  ISSN                     = {},
  ISBN                     = {},
  Keywords                 = {},
  Note                     = {Volume 9: Mechanics of Solids, Structures and Fluids; NDE, Diagnosis, and Prognosis},
}

@inproceedings{OterkusS2013,
  Author                   = {S. Oterkus and J. Fox and E. Madenci},
  Title                    = {Simulation of electro-migration through peridynamics},
  Booktitle                = {IEEE 63rd Electronic Components and Technology Conference},
  Year                     = {2013},
  Pages                    = {1488-1493},
  DOI                      = {10.1109/ECTC.2013.6575768},
  ISSN                     = {0569-5503},
  Keywords                 = {},
}

@inproceedings{ReddyJN2013,
  Author                   = {Reddy, J.N. and Srinivasa, A. and Arbind, A. and Khodabakhshi, P.},
  Title                    = {On Gradient Elasticity and Discrete Peridynamics with Applications to Beams and Plates},
  Booktitle                = {SMART 13: Smart Materials and Structures},
  Publisher                = {Trans Tech Publications},
  Series                   = {Advanced Materials Research},
  Year                     = {2013},
  Month                    = {10},
  Volume                   = {745},
  Pages                    = {145-154},
  DOI                      = {10.4028/www.scientific.net/AMR.745.145},
  ISSN                     = {},
  Keywords                 = {Gradient Elasticity, Plates, Beam, Modified Couple Stress Theory, Discrete Peridynamics, Material Length Scale},
}

@inproceedings{XuJ2007,
  Author                   = {Xu, Jifeng and Askari, Abe and Weckner, Olaf and Silling, Stewart A.},
  Title                    = {Modeling hail impact damage and residual strength in composite structures},
  Booktitle                = {16 th International conference on composite materials, Kyoto, Japan},
  Year                     = {2007},
  Pages                    = {8--13},
  Keywords                 = {composite structures,damage,hail impact,peridynamic theory,residual strength},
}

@inproceedings{XuJ2007a,
  Author                   = {Xu, J. and Askari, Abe and Weckner, Olaf and Silling, Stewart A.},
  Title                    = {A Perspective on Damage and Failure of Composite Structures based on Innovative Analytical and Testing Methods},
  Booktitle                = {ISCM2007, July 30-August 1, 2007, Beijing, China},
  Year                     = {2007},
  Pages                    = {264--272},
  Doi                      = {10.1007/978-3-540-75999-7{\_}30},
  ISBN                     = {978-3-540-75998-0},
  Keywords                 = {composite structures,impact damage,peridynamic theory,residual strength},
}

@inproceedings{ZhouW2016,
  Title                    = {A Peridynamic Model for Analyzing Crack Propagation in Unidirectional Composite Lamina},
  Author                   = {Wu Zhou and Dahsin Liu},
  Booktitle                = {Proceedings of the American Society for Composites 31\textsuperscript{st} Technical Conference on Composite Materials, September 19-22 2016, Williamsburg, Virginia, USA},
  Year                     = {2016},
  Pages                    = {},
  Doi                      = {},
  ISSN                     = {},
  ISBN                     = {978-1-60595-316-8},
  URL                      = {https://mech.utah.edu/ASC2016/assets/1106.pdf},
  Keywords                 = {},
}

%--------------------------------------
% Manual
%--------------------------------------

@manual{ExodusII1994,
  Title                    = {Exodus II: A Finite Element Data Model},
  Address                  = {Albuquerque, New Mexico 87185 and Livermore, California 94550, USA},
  Author                   = {Schoof, Larry A. and Yarberry, Victor R.},
  Institution              = {Sandia National Laboratories},
  Number                   = {SAND92-2137, UC-705},
  Type                     = {Sandia report},
  Year                     = {1994}
}

@manual{LammpsUsersManual,
  Title                    = {LAMMPS Users Manual},
  Address                  = {Albuquerque, New Mexico 87185},
  Author                   = {Steve Plimpton and Aidan Thompson and Stan Moore and Axel Kohlmeyer},
  Institution              = {Sandia National Laboratories},
  Url                      = {http://lammps.sandia.gov/doc/Manual.pdf},
  Year                     = {2017},
}

@manual{PeridigmUserGuide100,
  Title                    = {Peridigm Users Guide v1.0.0},
  Address                  = {Albuquerque, New Mexico 87185 and Livermore, California 94550, USA},
  Author                   = {Parks, Michael L. and Littlewood, David J. and Mitchell, John A. and Silling, Stewart A.},
  Institution              = {Sandia National Laboratories},
  Type                     = {Sandia report},
  number                   = {Tech. Report SAND2012-7800},
  Url                      = {http://www.sandia.gov/~djlittl/docs/PeridigmV1.0.0.pdf},
  Year                     = {2012},
}

@manual{SierraSolidMechanicsUserGuide422,
  Title                    = {Sierra/SolidMechanics 4.22 User{\textquoteright}s Guide},
  Author                   = {SIERRA Solid Mechanics Team},
  Address                  = {Albuquerque, New Mexico 87185},
  Institution              = {Sandia National Laboratories, Engineering Sciences Center, Computational Solid Mechanics and Structural Dynamics Department},
  Type                     = {Sandia report},
  Number                   = {SAND2011-7597},
  Url                      = {http://prod.sandia.gov/techlib/access-control.cgi/2011/117597.pdf},
  Year                     = {2011},
}

%--------------------------------------
% Masterthesis
%--------------------------------------

@mastersthesis{BednarekAJ2016,
  Title                    = {Theory and Simulation of the Structural and Damage Behaviour of Lightweight Structures Using Peridynamics},
  Author                   = {Anna-Janina Bednarek},
  School                   = {Technical University Braunschweig \& DLR},
  Year                     = {2016},
  Type                     = {Masterthesis},
  Keywords                 = {own},
}

@mastersthesis{GlawsAT2014,
  Title                    = {Finite Element Simulations of Two Dimensional Peridynamic Models},
  Author                   = {Andrew T. Glaws},
  School                   = {Virginia Polytechnic Institute and State University},
  Year                     = {2014},
  Type                     = {Masterthesis},
}

%--------------------------------------
% Misc
%--------------------------------------

@misc{SillingSA2007b,
  Title                    = {Peridynamic Simulation of High-Rate Material Failure},
  Author                   = {Stewart A. Silling and Paul Demmie and Thomas L. Warren},
  Year                     = {2007},
  Month                    = {6},
  Day                      = {6},
  Note                     = {2007 ASME Applied Mechanics and Materials Conference, Austin, TX},
  URL                      = {http://imechanica.org/files/Silling_Peridynamic_McMat07.pdf},
}

@misc{LittlewoodD2011,
  Title                    = {Modeling Dynamic Fracture with Peridynamics, Finite Element Modeling, and Contact},
  Author                   = {David Littlewood and Tracy Vogler},
  Booktitle                = {11th U.S. National Congress on Computational Mechanics, 25-28 July 2011, Minneapolis, Minnesota, USA},
  Institution              = {Sandia National Laboratories},
  Address                  = {Albuquerque, New Mexico 87185 and Livermore, California 94550, USA},
  URL                      = {http://www.sandia.gov/~djlittl/docs/Littlewood_USNCCM2011.pdf},
  Year                     = {2011},
}

@misc{LittlewoodD2013,
  Title                    = {Variable Nonlocal Length Scale in a Peridynamic Body with Applications to Local-Nonlocal Coupling},
  Author                   = {David Littlewood and Silling, Stewart A.},
  Booktitle                = {ASME 2013 International Mechanical Engineering Congress \& Exposition, 15-51 November 2013, San Diego, California, USA},
  Institution              = {Sandia National Laboratories},
  Address                  = {Albuquerque, New Mexico 87185 and Livermore, California 94550, USA},
  URL                      = {https://www.osti.gov/scitech/servlets/purl/1106272},
  Year                     = {2013},
}

@misc{LittlewoodD2015,
  Title                    = {Progress and Challenges in Computational Peridynamics},
  Author                   = {David Littlewood},
  Year                     = {2015},
  Month                    = {10},
  Day                      = {28},
  Note                     = {Workshop on Nonlocal Models in Mathematics, Computation, Science, and Engineering, SAND2015-9303C},
  URL                      = {https://www.osti.gov/scitech/servlets/purl/1332659},
}

%--------------------------------------
% Phdthesis
%--------------------------------------

@phdthesis{AgwaiA2011a,
  Title                    = {A Peridynamic Approach for Coupled Fields},
  Author                   = {Agwai, Abigail G.},
  School                   = {The University of Arizona},
  Year                     = {2011},
  Type                     = {PhD Thesis},
  URL                      = {http://hdl.handle.net/10150/204892},
}

@phdthesis{BangD2016,
  Title                    = {Peridynamic Modeling of Hyperelastic Materials},
  Author                   = {Bang, Dongjun},
  School                   = {The University of Arizona},
  Year                     = {2016},
  Type                     = {PhD Thesis},
}

@phdthesis{ColavitoK2013,
  Title                    = {Peridynamics for failure and residual strength prediction of fiber-reinforced composites},
  Author                   = {Colavito, Kyle},
  School                   = {The University of Arizona},
  Year                     = {2013},
  Type                     = {PhD Thesis},
  ISBN                     = {9781303602597},
  Pages                    = {214},
  Pmid                     = {1000004892},
  Url                      = {http://search.proquest.com/docview/1475241115?accountid=45156}
}

@phdthesis{DiehlP2017,
  Title                    = {Modeling and Simulation of cracks and fractures with peridynamics in brittle materials},
  Author                   = {Patrick Diehl},
  School                   = {Rheinische Friedrich-Wilhelms-Universit{\"a}t Bonn},
  Year                     = {2017},
  Type                     = {PhD Thesis},
  ISBN                     = {},
  Pages                    = {},
  Url                      = {http://hss.ulb.uni-bonn.de/2017/4631/4631.pdf}
}

@phdthesis{FosterJT2009b,
  Title                    = {Dynamic Crack Initiation Toughness: Experiments and Peridynamic Modeling},
  Author                   = {Foster, John T.},
  School                   = {Purdue University},
  Year                     = {2009},
  Type                     = {PhD Thesis},
  Pages                    = {138},
  Url                      = {http://prod.sandia.gov/techlib/access-control.cgi/2009/097217.pdf}
}

@phdthesis{HuW2012,
  Title                    = {Peridynamic Models for Dynamic Brittle Fracture},
  Author                   = {Hu, Wenke},
  School                   = {University of Nebraska},
  Year                     = {2012},
  Type                     = {PhD Thesis},
}

@phdthesis{KilicB2008,
  Title                    = {Peridynamic theory for progressive failure prediction in homogeneous and heterogeneous materials},
  Author                   = {Bahattin Kilic},
  School                   = {The University of Arizona},
  Year                     = {2008},
  Type                     = {PhD Thesis},
  ISBN                     = {9780549901624},
  Pages                    = {262},
}

@phdthesis{LiuW2012,
  Title                    = {Discretized bond-based peridynamics for solid mechanics},
  Author                   = {Liu, Wenyang},
  School                   = {Michigan State University},
  Year                     = {2012},
  Type                     = {PhD Thesis},
  ISBN                     = {9781267535559},
  Pages                    = {214},
  Keywords                 = {Mechanics,Civil engineering,Applied sciences,Civil engineering,Elastic responses,Mechanics,Peridynamics,Solid mechanics},
  URL                      = {http://search.proquest.com/docview/1039264160?accountid=45156},
}

@phdthesis{OGradyJ2014,
  Title                    = {Peridynamic beams, plates, and shells: a nonordinary, state-based model},
  Author                   = {O{\textquoteright}Grady, James},
  School                   = {The University of Texas at San Antonio},
  Year                     = {2014},
  Type                     = {PhD Thesis},
}

@phdthesis{OterkusE2010,
  Title                    = {Peridynamic Theory for Modeling Three-Dimensional Damage Growth in Metallic and Composite Structures},
  Author                   = {Erkan Oterkus},
  School                   = {The University of Arizona},
  Year                     = {2010},
  Type                     = {PhD Thesis},
  DOI                      = {10.1029/2007GC001699},
  ISBN                     = {9781124613338},
  ISSN                     = {15252027},
  URL                      = {http://www.agu.org/pubs/crossref/2008/2007GC001699.shtml},
}

@phdthesis{TupekMR2014,
  Title                    = {Extension of the peridynamic theory of solids for the simulation of materials under extreme loadings},
  Author                   = {Michael R. Tupek},
  School                   = {Massachusetts Intitute of Technology},
  Year                     = {2014},
  URL                      = {https://dspace.mit.edu/handle/1721.1/87481},
}

@phdthesis{ZimmermannM2005,
  Title                    = {A continuum theory with long-range forces for solids},
  Author                   = {Markus Zimmermann},
  School                   = {Massachusetts Institute of Technology},
  Year                     = {2005},
  Type                     = {PhD Thesis},
  URL                      = {http://hdl.handle.net/1721.1/30342},
}

%--------------------------------------
% Proceedings
%--------------------------------------

%--------------------------------------
% Tech-Report
%--------------------------------------

@techreport{BednarekAJ2016a,
  Author                   = {Bednarek, A.-J. and Willberg, C. and R{\"a}del, M.},
  Title                    = {Theory and Simulation of the Structural and Damage Behaviour of Lightweight Structures Using Peridynamics},
  Institution              = {German Aerospace Center, Report Number: DLR-IB-FA-BS-2016-169},
  Year                     = {2016},
  URL                      = {http://elib.dlr.de/106550/},
}

@techreport{BoyceBD2011,
  Author                   = {Brad  L.  Boyce and  Joseph  E.  Bishop and Arthur  Brown and Theresa  Cordova and  James  V.  Cox and Thomas B. Crenshaw and Kristin Dion and John M. Emery and John T. Foster and James W. Foulk III and David  J.  Littlewood and  Alejandro  Mota and  Jakob  Ostien and  Stewart  Silling and Benjamin  W. Spencer and Gerald W. Wellman},
  Title                    = {Ductile Failure X-Prize},
  Institution              = {Sandia National Laboratories},
  Year                     = {2011},
  type                     = {Sandia Report},
  number                   = {SAND2011-6801},
  url                      = {http://prod.sandia.gov/techlib/access-control.cgi/2011/116801.pdf},
}

@techreport{MitchellJA2011,
  Author                   = {John A. Mitchell},
  Title                    = {A Nonlocal, Ordinary, State-Based Plasticity Model for Peridynamics},
  Institution              = {Multiphysics Simulation Technologies, Sandia National Laboratories},
  Year                     = {2011},
  type                     = {Sandia Report},
  number                   = {SAND2011-3166},
  url                      = {http://prod.sandia.gov/techlib/access-control.cgi/2011/113166.pdf},
}

@techreport{MitchellJA2011b,
  Author                   = {John A. Mitchell},
  Title                    = {A Nonlocal, Ordinary, State-Based Viscoelasticity Model for Peridynamics},
  Institution              = {Multiphysics Simulation Technologies, Sandia National Laboratories},
  Year                     = {2011},
  type                     = {Sandia Report},
  number                   = {SAND2011-8064},
  url                      = {https://cfwebprod.sandia.gov/cfdocs/CompResearch/docs/SAND2011-Viscoelasticity.pdf},
}

@techreport{LammiCJ2014,
  Author                   = {Christopher J. Lammi and Tracy J. Vogler},
  Title                    = {A Nonlocal Peridynamic Plasticity Model for the Dynamic Flow and Fracture of Concrete},
  Institution              = {Sandia National Laboratories},
  Year                     = {2014},
  type                     = {Sandia Report},
  number                   = {SAND2014-18257},
  url                      = {http://prod.sandia.gov/techlib/access-control.cgi/2014/1418257.pdf},
}

@techreport{LittlewoodDJ2015,
  Author                   = {David J. Littlewood and Stewart A. Silling and John A. Mitchell and Pablo D. Seleson and Stephen D. Bond and Michael L. Parks and Daniel Z. Turner and Damon J. Burnett and Jakob Ostien and Max Gunzburger},
  Title                    = {Strong Local-Nonlocal Coupling for Integrated Fracture Modeling},
  Institution              = {Sandia National Laboratories},
  Year                     = {2015},
  type                     = {Sandia Report},
  number                   = {SAND2015-7998},
  url                      = {http://www.sandia.gov/~mlparks/papers/SAND2015-7998.pdf},
}

@techreport{ReidJD2014,
  Author                   = {Kevin D. Schrum and Dean L. Sicking and Ronald K. Faller and John D. Reid},
  Title                    = {Predicting the Dynamic Fracture of Steel via a Non-Local Strain-Energy Density Failure Criterion},
  Institution              = {University of Nebraska - Lincoln},
  Year                     = {2014},
  type                     = {Nebraska Department of Roads Research Reports},
  number                   = {Report TRP-03-311-14},
  url                      = {http://digitalcommons.unl.edu/cgi/viewcontent.cgi?article=1143\&context=ndor},
}

@techreport{SillingSA2009,
  Author                   = {Stewart A. Silling},
  Title                    = {Linearized Theory of Peridynamic States},
  Institution              = {Multiscale Science Department, Sandia National Laboratories},
  Year                     = {2009},
  type                     = {Sandia Report},
  number                   = {SAND2009-2458},
  url                      = {http://www.sandia.gov/~sasilli/SAND2009-2458.pdf},
}

@techreport{SillingSA2010,
  Author                   = {Stewart A. Silling},
  Title                    = {A Coarsening Method for Linear Peridynamics},
  Institution              = {Multiscale Science Department, Sandia National Laboratories},
  Year                     = {2009},
  type                     = {Sandia Report},
  number                   = {SAND2010-3303},
  url                      = {http://www.sandia.gov/~sasilli/pd-coarsening.pdf},
}

@techreport{SillingSA2014,
  Author                   = {Stewart A. Silling and David J. Littlewood and Pablo D. Seleson},
  Title                    = {Variable Horizon in a Peridynamic Medium},
  Institution              = {Multiscale Science Department, Sandia National Laboratories},
  Year                     = {2014},
  type                     = {Sandia Report},
  number                   = {SAND2014-19088x},
  url                      = {http://prod.sandia.gov/techlib/access-control.cgi/2014/1419088.pdf},
}

@techreport{SillingSA2014b,
  Author                   = {Stewart A. Silling},
  Title                    = {Origin and Effect of Nonlocality in a Composite},
  Institution              = {Multiscale Science Department, Sandia National Laboratories},
  Year                     = {2014},
  type                     = {Sandia Report},
  number                   = {SAND2013-8140},
  url                      = {https://cfwebprod.sandia.gov/cfdocs/CompResearch/docs/nonlocality-sand2013-8140.pdf},
}

@techreport{SillingSA2016,
  Author                   = {Stewart A. Silling},
  Title                    = {Solitary Waves in a Peridynamic Elastic Solid},
  Institution              = {Multiscale Science Department, Sandia National Laboratories},
  Year                     = {2016},
  type                     = {Sandia Report},
  number                   = {SAND2016-3969},
  url                      = {https://cfwebprod.sandia.gov/cfdocs/CompResearch/docs/doc38.pdf},
}

@techreport{SjaardemaGD2013,
  Author                   = {Sjaardema, G. D.},
  Title                    = {APREPRO: An Algebraic Preprocessor for Parameterizing Finite Element Analyses},
  Institution              = {Sandia National Laboratories Albuquerque, New Mexico 87185-1322 USA},
  Year                     = {2010},
  type                     = {Sandia Report},
  number                   = {SAND92-2291},
  url                      = {https://cubit.sandia.gov/public/15.2/help\_manual/WebHelp/appendix/aprepro/aprepro.pdf},
}

%--------------------------------------
% Unpublished
%--------------------------------------
