% Encoding: UTF-8

@Conference{WillbergC2018,
  author    = {C. Willberg and M. R\"adel},
  title     = {An energy based peridynamic state-based failure criterion},
  booktitle = {89th Annual Meeting of the International Association of Applied Mathematics and Mechanics (GAMM 2018), March 19-23, 2018 Munich Germany},
  year      = {2018},
  keywords  = {own},
}

@Comment{jabref-meta: databaseType:bibtex;}
