%%%%%%%%%%%%%%%%%%%%%%%%%%%%%%%%%%%%
% Header                           %
%%%%%%%%%%%%%%%%%%%%%%%%%%%%%%%%%%%%
%
% Literature Peridigm Users Guide
% 
% Revisions: 2017-04-10 Martin Rädel <martin.raedel@dlr.de>
%                       Initial draft
%               
% Contact:   Martin Rädel,  martin.raedel@dlr.de
%            DLR Composite Structures and Adaptive Systems
%          
%                                 __/|__
%                                /_/_/_/  
%            www.dlr.de/fa/en      |/ DLR
% 
%%%%%%%%%%%%%%%%%%%%%%%%%%%%%%%%%%%%
% Content                          %
%%%%%%%%%%%%%%%%%%%%%%%%%%%%%%%%%%%%

%--------------------------------------
% Article
%--------------------------------------

%--------------------------------------
% Book
%--------------------------------------

%--------------------------------------
% Booklet
%--------------------------------------

%--------------------------------------
% Conference
%--------------------------------------

%--------------------------------------
% Inbook
%--------------------------------------

%--------------------------------------
% Incollection
%--------------------------------------

%--------------------------------------
% Inproceedings
%--------------------------------------

%--------------------------------------
% Manual
%--------------------------------------

@Manual{vtkfileformats,
  Title                    = {VTK File Formats for VTK Version 4.2},
  Author                   = {Schroeder, W. J. and Martin, K. and Avila, L. S. and Law, C. C.},
  booktitle                = {The VTK Users Guide},
  Institution              = {Sandia National Laboratories},
  Url                      = {http://www.math.u-bordeaux1.fr/~mleguebe/docs/file-formats.pdf},
  Year                     = {2003},
}

@Manual{DLRPeridigmUserGuide,
  Title                    = {Peridigm Users Guide},
  Author                   = {Martin R{\"a}del and Christian Willberg},
  Institution              = {German Aerospace Center (DLR)},
  Number                   = {DLR-IB-FA-BS-2018-23},
  Type                     = {DLR Report},
  Url                      = {},
  Year                     = {2018},
}

%--------------------------------------
% Masterthesis
%--------------------------------------

%--------------------------------------
% Misc
%--------------------------------------

%--------------------------------------
% Phdthesis
%--------------------------------------

%--------------------------------------
% Proceedings
%--------------------------------------

%--------------------------------------
% Tech-Report
%--------------------------------------

%--------------------------------------
% Unpublished
%--------------------------------------