%%%%%%%%%%%%%%%%%%%%%%%%%%%%%%%%%%%%%%%
% Header                              %
%%%%%%%%%%%%%%%%%%%%%%%%%%%%%%%%%%%%%%%
% 
% Literature for publication on failure of RVE
% 
% Revisions: 2017-03-01 Martin Raedel <martin.raedel(at)dlr.de>
%                       Initial draft
%               
% Contact:   Martin Raedel,  martin.raedel(at)dlr.de
%            DLR Composite Structures and Adaptive Systems
%          
%                                 __/|__
%                                /_/_/_/  
%            www.dlr.de/fa/en      |/ DLR
% 
%%%%%%%%%%%%%%%%%%%%%%%%%%%%%%%%%%%%%%%
% Content                             %
%%%%%%%%%%%%%%%%%%%%%%%%%%%%%%%%%%%%%%%

%--------------------------------------
% Article
%--------------------------------------

@Article{AgeorgesC1999,
  Title                    = {Single-fibre Broutman test: fibre-matrix interface transverse debonding},
  Author                   = {C. Ageorges and K. Friedrich and T. Sch\"{u}ller and B. Lauke},
  Journal                  = {Composites Part A: Applied Science and Manufacturing},
  Year                     = {1999},
  Volume                   = {30},
  Number                   = {12},
  Pages                    = {1423--1434},
  Doi                      = {10.1016/S1359-835X(99)00045-7},
  ISSN                     = {1359-835X},
  URL                      = {http://www.sciencedirect.com/science/article/pii/S1359835X99000457},
  Keywords                 = {Broutman test, Debonding, Transverse cracking},
}

@Article{AspLE1996,
  Title                    = {Prediction of matrix-initiated transverse failure in polymer composites},
  Author                   = {L.E. Asp and L.A. Berglund and R. Talreja},
  Journal                  = {Composites Science and Technology},
  Year                     = {1996},
  Volume                   = {56},
  Number                   = {9},
  Pages                    = {1089--1097},
  Doi                      = {10.1016/0266-3538(96)00074-7},
  ISSN                     = {0266-3538},
  URL                      = {http://www.sciencedirect.com/science/article/pii/0266353896000747},
  Keywords                 = {epoxy, dilatational energy density, finite element mesh, matrix, micromechanical analysis, glass fiber, composites, transverse failure},
}

@Article{BlancoC2003,
  Title                    = {Influence of fibre-matrix interface on the fracture behaviour of carbon-carbon composites},
  Author                   = {C. Blanco and E. Casal and M. Granda and R. Men\'{e}ndez},
  Journal                  = {Journal of the European Ceramic Society},
  Year                     = {2003},
  Volume                   = {23},
  Number                   = {15},
  Pages                    = {2857--2866},
  Doi                      = {10.1016/S0955-2219(03)00298-X},
  ISSN                     = {0955-2219},
  URL                      = {http://www.sciencedirect.com/science/article/pii/S095522190300298X},
  Keywords                 = {Carbon, Composites, Interfaces, Mechanical properties, Microstructure},
}

@Article{ChoJ2006,
  Title                    = {Effect of inclusion size on mechanical properties of polymeric composites with micro and nano particles},
  Author                   = {J. Cho and M. S. Joshi and C. T. Sun},
  Journal                  = {Composites Science and Technology},
  Year                     = {2006},
  Volume                   = {66},
  Number                   = {13},
  Pages                    = {1941--1952},
  Doi                      = {10.1016/j.compscitech.2005.12.028},
  ISSN                     = {0266-3538},
  URL                      = {http://www.sciencedirect.com/science/article/pii/S026635380600039X},
  Keywords                 = {Particle-reinforced composites, Nanostructures, Debonding, Strength, Elastic Properties},
}

@Article{CorreaE2008,
  Title                    = {A micromechanical view of inter-fibre failure of composite materials under compression transverse to the fibres},
  Author                   = {E. Correa and V. Manti\v{c} and F. Par\'{i}s},
  Journal                  = {Composites Science and Technology},
  Year                     = {2008},
  Volume                   = {68},
  Number                   = {9},
  Pages                    = {2010--2021},
  Doi                      = {10.1016/j.compscitech.2008.02.022},
  ISSN                     = {0266-3538},
  URL                      = {http://www.sciencedirect.com/science/article/pii/S0266353808000717},
  Keywords                 = {Debonding, Modelling, Damage mechanics, Transverse cracking, Micromechanics},
}

@Article{CoxHL1952,
  Title                    = {The elasticity and strength of paper and other fibrous materials},
  Author                   = {H. L. Cox},
  Journal                  = {British Journal of Applied Physics},
  Year                     = {1952},
  Volume                   = {3},
  Number                   = {3},
  Pages                    = {72--79},
  Doi                      = {10.1088/0508-3443/3/3/302},
  ISSN                     = {},
  URL                      = {http://stacks.iop.org/0508-3443/3/i=3/a=302},
  Keywords                 = {},
}

@Article{GamstedtEK1999,
  Title                    = {Micromechanisms in tension-compression fatigue of composite laminates containing transverse plies},
  Author                   = {E. K. Gamstedt and B. A. Sj\"{o}gren},
  Journal                  = {Composites Science and Technology},
  Year                     = {1999},
  Volume                   = {59},
  Number                   = {2},
  Pages                    = {167--178},
  Doi                      = {10.1016/S0266-3538(98)00061-X},
  ISSN                     = {0266-3538},
  URL                      = {http://www.sciencedirect.com/science/article/pii/S026635389800061X},
  Keywords                 = {Polymer matrix composites (PMCs),Fatigue,Debonding,Damage mechanisms,Tension-compression loading},
}

@Article{GarciaIG2014,
  Title                    = {Fiber-size effects on the onset of fiber-matrix debonding under transverse tension: A comparison between cohesive zone and finite fracture mechanics models},
  Author                   = {I.G. Garc\'{i}a and M. Paggi and V. Manti\v{c}},
  Journal                  = {Engineering Fracture Mechanics},
  Year                     = {2014},
  Volume                   = {115},
  Number                   = {Supplement C},
  Pages                    = {96--110},
  Doi                      = {10.1016/j.engfracmech.2013.10.014},
  ISSN                     = {0013-7944},
  URL                      = {http://www.sciencedirect.com/science/article/pii/S0013794413003408},
  Keywords                 = {Fiber-matrix debonding, Size effect, Cohesive Zone Model, Finite Fracture Mechanics, Circular inclusion, Interface crack},
}

@Article{GarciaIG2015,
  Title                    = {Debonding at the fibre-matrix interface under remote transverse tension. One debond or two symmetric debonds?},
  Author                   = {I.G. Garc\'{i}a and V. Manti\v{c} and E. Graciani},
  Journal                  = {European Journal of Mechanics - A/Solids},
  Year                     = {2015},
  Volume                   = {53},
  Number                   = {Supplement C},
  Pages                    = {75--88},
  Doi                      = {10.1016/j.euromechsol.2015.02.007},
  ISSN                     = {0997-7538},
  URL                      = {http://www.sciencedirect.com/science/article/pii/S0997753815000200},
  Keywords                 = {Fibre-matrix debond, Finite fracture mechanics, Symmetry breaking},
}

@Article{GentzM2004,
  Title                    = {In-plane shear testing of medium and high modulus woven graphite fiber reinforced/polyimide composites},
  Author                   = {M. Gentz and D. Armentrout and P. Rupnowski and L. Kumosa and E. Shin and J.K. Sutter and M. Kumosa},
  Journal                  = {Composites Science and Technology},
  Year                     = {2004},
  Volume                   = {64},
  Number                   = {2},
  Pages                    = {203--220},
  Doi                      = {10.1016/S0266-3538(03)00260-4},
  ISSN                     = {0266-3538},
  URL                      = {http://www.sciencedirect.com/science/article/pii/S0266353803002604},
  Keywords                 = {},
}

@Article{HobbiebrunkenT2006,
  Title                    = {Evaluation of interfacial strength in CF/epoxies using FEM and in-situ experiments},
  Author                   = {Thomas Hobbiebrunken and Masaki Hojo and Taiji Adachi and Claas De Jong and Bodo Fiedler},
  Journal                  = {Composites Part A: Applied Science and Manufacturing},
  Publisher                = {},
  Year                     = {2006},
  Month                    = {},
  Day                      = {},
  Volume                   = {37},
  Number                   = {12},
  Pages                    = {2248--2256},
  DOI                      = {10.1016/j.compositesa.2005.12.021},
  ISSN                     = {1359-835X},
  URL                      = {http://www.sciencedirect.com/science/article/pii/S1359835X06000066},
  Keywords                 = {Fibre/matrix bond, Interface/interphase, Transverse cracking, Finite element analysis (FEA), In-situ testing},
}

@Article{HutchinsonJW1987,
  Title                    = {Crack Paralleling an Interface Between Dissimilar Materials},
  Author                   = {Hutchinson, J. W. and Mear, M. E. and Rice, J. R.},
  Journal                  = {Journal of Applied Mechanics},
  Publisher                = {ASME},
  Year                     = {1987},
  Month                    = {12},
  Day                      = {01},
  Volume                   = {54},
  Number                   = {4},
  Pages                    = {828--832},
  DOI                      = {10.1115/1.3173124},
  ISSN                     = {0021-8936},
  URL                      = {http://dx.doi.org/10.1115/1.3173124},
  Keywords                 = {},
}

@Article{KoyanagiJ2009,
  Title                    = {Mixed-Mode Interfacial Debonding Simulation in Single-Fiber Composite under a Transverse Load},
  Author                   = {Jun Koyanagi and Pranav D. Shah and Souta Kimura and Sung K. Ha and Hiroyuki Kawada},
  Journal                  = {Journal of Solid Mechanics and Materials Engineering},
  Year                     = {2009},
  Volume                   = {3},
  Number                   = {5},
  Pages                    = {796--806},
  Doi                      = {10.1299/jmmp.3.796},
  ISSN                     = {},
  URL                      = {https://www.jstage.jst.go.jp/article/jmmp/3/5/3_5_796/_article},
  Keywords                 = {Composite Material, Damage Evaluation, Interface, Single-Fiber Composite, Failure Analysis},
}

@Article{KrauseD2016b,
  Title                    = {A physically based micromechanical approach to model damage initiation and evolution of fiber reinforced polymers under fatigue loading conditions},
  Author                   = {Daniel Krause},
  Journal                  = {Composites Part B: Engineering},
  Year                     = {2016},
  Volume                   = {87},
  Number                   = {Supplement C},
  Pages                    = {176--195},
  Doi                      = {10.1016/j.compositesb.2015.10.012},
  ISSN                     = {1359-8368},
  URL                      = {http://www.sciencedirect.com/science/article/pii/S1359836815006307},
  Keywords                 = {Polymer-matrix composites (PMCs), Fatigue, Micro-mechanics},
}

@Article{LingangZ2013,
  Title                    = {Investigations on damage resistance of carbon fiber composite panels toughened using veils},
  Author                   = {Lingang Zhu},
  Journal                  = {Chinese Journal of Aeronautics},
  Year                     = {2013},
  Volume                   = {26},
  Number                   = {3},
  Pages                    = {807--813},
  Doi                      = {10.1016/j.cja.2013.05.006},
  ISSN                     = {1000-9361},
  URL                      = {http://www.sciencedirect.com/science/article/pii/S1000936113001192},
  Keywords                 = {CAI, Carbon fiber, Composite, Compression, Damage resistance, Impact, Vacuum infusion, Veil},
}

@Article{MaederE2007,
  Title                    = {Static and dynamic properties of single and multi-fiber/epoxy composites modified by sizings},
  Author                   = {Edith M{\"a}der and Shang-lin Gao and Rosemarie Plonka},
  Journal                  = {Composites Science and Technology},
  Year                     = {2007},
  Volume                   = {67},
  Number                   = {6},
  Pages                    = {1105--1115},
  Doi                      = {10.1016/j.compscitech.2006.05.020},
  ISSN                     = {0266-3538},
  URL                      = {http://www.sciencedirect.com/science/article/pii/S0266353806002053},
  Keywords                 = {Polymer-matrix composites, Interface, mechanical properties, thermal properties, Stress transfer, Non-destructive testing},
}

@Article{MartyniukK2013,
  Title                    = {3D in situ observations of glass fibre/matrix interfacial debonding},
  Author                   = {Karolina Martyniuk and Bent F. S{\o}rensen and Peter Modregger and Erik M. Lauridsen},
  Journal                  = {Composites Part A: Applied Science and Manufacturing},
  Year                     = {2013},
  Volume                   = {55},
  Number                   = {},
  Pages                    = {63--73},
  DOI                      = {10.1016/j.compositesa.2013.07.012},
  ISSN                     = {1359-835X},
  URL                      = {http://www.sciencedirect.com/science/article/pii/S1359835X13001966},
  Keywords                 = {Glass fibres,Interface,Debonding,Synchrotron X-ray tomography},
}

@Article{MelroAR2008,
  Title                    = {Generation of random distribution of fibres in long-fibre reinforced composites},
  Author                   = {A. R. Melro and P. P. Camanho and S. T. Pinho},
  Journal                  = {Composites Science and Technology},
  Year                     = {2008},
  Volume                   = {68},
  Number                   = {9},
  Pages                    = {2092--2102},
  DOI                      = {10.1016/j.compscitech.2008.03.013},
  ISSN                     = {0266-3538},
  URL                      = {http://www.sciencedirect.com/science/article/pii/S0266353808001048},
  Keywords                 = {Microstructure, Statistics, Elastic properties},
}

@Article{MelroAR2013,
  Title                    = {Micromechanical analysis of polymer composites reinforced by unidirectional fibres: Part I - Constitutive modelling},
  Author                   = {A. R. Melro and P. P. Camanho and F. M. Andrade Pires and S. T. Pinho},
  Journal                  = {International Journal of Solids and Structures},
  Year                     = {2013},
  Volume                   = {50},
  Number                   = {11},
  Pages                    = {1897--1905},
  DOI                      = {10.1016/j.ijsolstr.2013.02.009},
  ISSN                     = {0020-7683},
  URL                      = {http://www.sciencedirect.com/science/article/pii/S0020768313000747},
  Keywords                 = {FEA, Damage, Plasticity, Epoxy, Composites},
}

@Article{MelroAR2013b,
  Title                    = {Micromechanical analysis of polymer composites reinforced by unidirectional fibres: Part II - Micromechanical analyses},
  Author                   = {A. R. Melro and P. P. Camanho and F. M. Andrade Pires and S. T. Pinho},
  Journal                  = {International Journal of Solids and Structures},
  Year                     = {2013},
  Volume                   = {50},
  Number                   = {11},
  Pages                    = {1906--1915},
  DOI                      = {10.1016/j.ijsolstr.2013.02.007},
  ISSN                     = {0020-7683},
  URL                      = {http://www.sciencedirect.com/science/article/pii/S0020768313000723},
  Keywords                 = {FEA, Damage, Micromechanics, Epoxy, Composites},
}

@Article{NairnJA1997,
  Title                    = {On the use of shear-lag methods for analysis of stress transfer in unidirectional composites},
  Author                   = {John A. Nairn},
  Journal                  = {Mechanics of Materials},
  Year                     = {1997},
  Month                    = {},
  Day                      = {},
  Volume                   = {26},
  Number                   = {2},
  Pages                    = {63--80},
  DOI                      = {10.1016/S0167-6636(97)00023-9},
  ISSN                     = {0167-6636},
  URL                      = {http://www.sciencedirect.com/science/article/pii/S0167663697000239},
  Keywords                 = {},
}

@Article{PanTY1988,
  Title                    = {Fractographic study of transverse cracks in a fibre composite},
  Author                   = {Pan, Tsung-Yu and Robertson, Richard E. and Filisko, Frank E.},
  Journal                  = {Journal of Materials Science},
  Year                     = {1988},
  Month                    = {07},
  Day                      = {01},
  Volume                   = {23},
  Number                   = {7},
  Pages                    = {2553--2563},
  DOI                      = {10.1007/BF01111915},
  ISSN                     = {1573-4803},
  URL                      = {https://doi.org/10.1007/BF01111915},
  Keywords                 = {},
}

@Article{ParisF2003,
  Title                    = {Micromechanical view of failure of the matrix in fibrous composite materials},
  Author                   = {F. Par\'{i}s and E. Correa and J. Ca\~{n}as},
  Journal                  = {Composites Science and Technology},
  Year                     = {2003},
  Month                    = {},
  Day                      = {},
  Volume                   = {63},
  Number                   = {7},
  Pages                    = {1041--1052},
  DOI                      = {10.1016/S0266-3538(03)00017-4},
  ISSN                     = {0266-3538},
  URL                      = {http://www.sciencedirect.com/science/article/pii/S0266353803000174},
  Keywords                 = {Interface, Matrix cracking, Debonding, Failure criterion, Boundary elements},
}

@Article{ParisF2006,
  Title                    = {Kinking of Transversal Interface Cracks Between Fiber and Matrix},
  Author                   = {F. Par\'{i}s and E. Correa and V. Manti\v{c}},
  Journal                  = {Journal of Applied Mechanics},
  Publisher                = {ASME},
  Year                     = {2006},
  Month                    = {09},
  Day                      = {27},
  Volume                   = {74},
  Number                   = {4},
  Pages                    = {703--716},
  DOI                      = {10.1115/1.2711220},
  ISSN                     = {0021-8936},
  URL                      = {http://dx.doi.org/10.1115/1.2711220},
  Keywords                 = {Interface, Matrix cracking, Debonding, Failure criterion, Boundary elements},
}

@Article{RiceJR1988,
  Title                    = {Elastic Fracture Mechanics Concepts for Interfacial Cracks},
  Author                   = {Rice, J. R.},
  Journal                  = {Journal of Applied Mechanics},
  Publisher                = {ASME},
  Year                     = {1988},
  Month                    = {03},
  Day                      = {01},
  Volume                   = {55},
  Number                   = {1},
  Pages                    = {98--103},
  DOI                      = {10.1115/1.3173668},
  ISSN                     = {0021-8936},
  URL                      = {http://dx.doi.org/10.1115/1.3173668},
  Keywords                 = {},
}

@Article{SchuellerT2000,
  Title                    = {Single fibre transverse debonding: stress analysis of the Broutman test},
  Author                   = {T. Sch\"{u}ller and W. Beckert and B. Lauke and C. Ageorges and K. Friedrich},
  Journal                  = {Composites Part A: Applied Science and Manufacturing},
  Publisher                = {},
  Year                     = {2000},
  Month                    = {},
  Day                      = {},
  Volume                   = {31},
  Number                   = {7},
  Pages                    = {661--670},
  DOI                      = {10.1016/S1359-835X(00)00034-8},
  ISSN                     = {1359-835X},
  URL                      = {http://www.sciencedirect.com/science/article/pii/S1359835X00000348},
  Keywords                 = {Broutman test, Finite element analysis, Strength, Mechanical testing},
}

@Article{SmithPA1985,
  Title                    = {Matrix cracking of composites inside a scanning electron microscope},
  Author                   = {Smith, P. A. and Gilbert, D. G. and Poursartip, A.},
  Journal                  = {Journal of materials science letters},
  Publisher                = {Springer},
  Year                     = {1985},
  Volume                   = {4},
  Number                   = {7},
  Pages                    = {845--847},
  DOI                      = {10.1007/BF00720519},
  ISSN                     = {},
  URL                      = {https://link.springer.com/content/pdf/10.1007%2FBF00720519.pdf},
  Keywords                 = {},
}

@Article{TottenKR2015,
  Title                    = {In situ determination of the fiber-matrix interface tensile strength},
  Author                   = {Kyle R. Totten and Bender Kutub and Leif A. Carlsson},
  Journal                  = {Journal of Composite Materials},
  Publisher                = {},
  Year                     = {2016},
  Volume                   = {50},
  Number                   = {5},
  Pages                    = {589--599},
  DOI                      = {10.1177/0021998315579926},
  ISSN                     = {},
  URL                      = {https://doi.org/10.1177/0021998315579926},
  Keywords                 = {},
}

@Article{VaughanTJ2011,
  Title                    = {Micromechanical modelling of the transverse damage behaviour in fibre reinforced composites},
  Author                   = {T.J. Vaughan and C.T. McCarthy},
  Journal                  = {Composites Science and Technology},
  Publisher                = {},
  Year                     = {2011},
  Volume                   = {71},
  Number                   = {3},
  Pages                    = {388--396},
  DOI                      = {10.1016/j.compscitech.2010.12.006},
  ISSN                     = {0266-3538},
  URL                      = {http://www.sciencedirect.com/science/article/pii/S0266353810004744},
  Keywords                 = {Polymer matrix composites, Debonding, Residual stress, Micromechanical modelling},
}

@Article{YokozekiT2002,
  Title                    = {Fatigue growth of matrix cracks in the transverse direction of CFRP laminates},
  Author                   = {Tomohiro Yokozeki and Takahira Aoki and Takashi Ishikawa},
  Journal                  = {Composites Science and Technology},
  Publisher                = {},
  Year                     = {2002},
  Volume                   = {62},
  Number                   = {9},
  Pages                    = {1223--1229},
  DOI                      = {10.1016/S0266-3538(02)00068-4},
  ISSN                     = {0266-3538},
  URL                      = {http://www.sciencedirect.com/science/article/pii/S0266353802000684},
  Keywords                 = {Polymer matrix-composites, Fatigue, Laminates, Transverse cracking, Energy release rate},
}

%--------------------------------------
% Book
%--------------------------------------

@Book{TestBookTemplate,
  Title                    = {Computational Methods in Mechanics Volume 1: Computational methods for transient analysis},
  Author                   = {Belytschko, Ted and Hughes, Thomas J. R.},
  Publisher                = {Elsevier Science Publishers B.V.},
  Year                     = {1983},
  Volume                   = {1},
  ISBN                     = {978-0444864796},
}

%--------------------------------------
% Booklet
%--------------------------------------

%--------------------------------------
% Conference
%--------------------------------------

@Conference{TestConferenceTemplate,
  Title                    = {Peridynamic truss element for viscoelastic deformation},
  Author                   = {Dorduncu, Mehmet and Barut, Atila and Madenci, Erdogan},
  Booktitle                = {57th AIAA/ASCE/AHS/ASC Structures, Structural Dynamics, and Materials Conference, 4-8 January 2016, San Diego, California, USA},
  Year                     = {2016},
  DOI                      = {doi:10.2514/6.2016-1721},
  URL                      = {http://dx.doi.org/10.2514/6.2016-1721},
}

@Conference{AbadiMT2012,
  Title                    = {Effects of Microstructure on Fiber-Matrix Debonding of Metal Matrix Composites under Transverse Loading},
  Author                   = {Mohammad Tahaye Abadi},
  Booktitle                = {ICQNM 2012: The Sixth International Conference on Quantum, Nano and Micro Technologies},
  Year                     = {2012},
  DOI                      = {},
  URL                      = {},
}

%--------------------------------------
% Inbook
%--------------------------------------

@InBook{TestInBookTemplate,
  Title                    = {Peridynamics: A Nonlocal Continuum Theory},
  Author                   = {Emmrich, Etienne and Lehoucq, Richard B. and Puhst, Dimitri},
  BookTitle                = {Meshfree Methods for Partial Differential Equations VI},
  Editor                   = {Griebel, Michael and Schweitzer, Marc Alexander},
  Pages                    = {45--65},
  Publisher                = {Springer Berlin Heidelberg},
  Address                  = {Berlin, Heidelberg},
  Year                     = {2013},
  Doi                      = {10.1007/978-3-642-32979-1\_3},
  Url                      = {http://dx.doi.org/10.1007/978-3-642-32979-1\_3},
}

%--------------------------------------
% Incollection
%--------------------------------------

%--------------------------------------
% Inproceedings
%--------------------------------------

@InBook{TestInProceedingsBookTemplate,
  Title                    = {Peridynamics: A Nonlocal Continuum Theory},
  Author                   = {Emmrich, Etienne and Lehoucq, Richard B. and Puhst, Dimitri},
  BookTitle                = {Meshfree Methods for Partial Differential Equations VI},
  Editor                   = {Griebel, Michael and Schweitzer, Marc Alexander},
  Pages                    = {45--65},
  Publisher                = {Springer Berlin Heidelberg},
  Address                  = {Berlin, Heidelberg},
  Year                     = {2013},
  Doi                      = {10.1007/978-3-642-32979-1\_3},
  Url                      = {http://dx.doi.org/10.1007/978-3-642-32979-1\_3},
}

%--------------------------------------
% Manual
%--------------------------------------

@Manual{TestManualTemplate,
  Title                    = {Exodus II: A Finite Element Data Model},
  Address                  = {Albuquerque, New Mexico 87185 and Livermore, California 94550, USA},
  Author                   = {Schoof, Larry A. and Yarberry, Victor R.},
  Institution              = {Sandia National Laboratories},
  Number                   = {SAND92-2137, UC-705},
  Type                     = {Sandia report},
  Year                     = {1994}
}

%--------------------------------------
% Masterthesis
%--------------------------------------

@MastersThesis{TestMasterThesisTemplate,
  Title                    = {Theory and Simulation of the Structural and Damage Behaviour of Lightweight Structures Using Peridynamics},
  Author                   = {Anna-Janina Bednarek},
  School                   = {Technical University Braunschweig \& DLR},
  Year                     = {2016},
  Type                     = {Masterthesis},
  keywords                 = {own},
}

%--------------------------------------
% Misc
%--------------------------------------

%--------------------------------------
% Phdthesis
%--------------------------------------

@PhdThesis{GamstedtEK1997,
  Title                    = {Fatigue damage mechanisms in polymer matrix composites},
  Author                   = {Gamstedt, E. Kristofer},
  School                   = {Lule\r{a} tekniska universitet},
  Year                     = {1997},
  Type                     = {PhD Thesis},
  ISSN                     = {1402-1544},
  Number                   = {1997:36},
}

@PhdThesis{JonesMLC1981,
  Title                    = {Failure mechanisms in filament wound composites},
  Author                   = {Jones, M. L. C.},
  School                   = {University of Liverpool},
  Year                     = {1981},
  Type                     = {PhD Thesis},
  ISSN                     = {},
  Number                   = {},
  URL                      = {http://ethos.bl.uk/OrderDetails.do?uin=uk.bl.ethos.581980},
}

@PhdThesis{KrauseD2016,
  Title                    = {Micromechanics of the fatigue behaviour of polymers},
  Author                   = {Daniel Krause},
  School                   = {Technical University Braunschweig},
  Year                     = {2016},
  Type                     = {PhD Thesis},
  Note                     = {DLR Report 2016-26},
}
%  Note                     = {DLR Forschungsbericht 2016-26},


%--------------------------------------
% Proceedings
%--------------------------------------

%--------------------------------------
% Tech-Report
%--------------------------------------

@TechReport{TestTechReportTemplate,
  Author                   = {Kevin D. Schrum and Dean L. Sicking and Ronald K. Faller and John D. Reid},
  Title                    = {Predicting the Dynamic Fracture of Steel via a Non-Local Strain-Energy Density Failure Criterion},
  Institution              = {University of Nebraska - Lincoln},
  Year                     = {2014},
  type                     = {Nebraska Department of Roads Research Reports},
  number                   = {Report TRP-03-311-14},
  url                      = {http://digitalcommons.unl.edu/cgi/viewcontent.cgi?article=1143\&context=ndor},
}

%--------------------------------------
% Unpublished
%--------------------------------------
