% Peridynamic literature
%
% Martin Raedel, DLR-FA-STM, WiMi, 01.03.2017
%
%--------------------------------------
% Article
%--------------------------------------

@Article{TestArticleTemplate,
  Title                    = {Predicting crack propagation with peridynamics: A comparative study},
  Author                   = {Agwai, Abigail G. and Guven, Ibrahim and Madenci, Erdogan},
  Journal                  = {International Journal of Fracture},
  Year                     = {2011},
  Number                   = {1},
  Pages                    = {65--78},
  Volume                   = {171},
  Doi                      = {10.1007/s10704-011-9628-4},
  ISBN                     = {1070401196},
  ISSN                     = {03769429},
  Keywords                 = {Crack branching,Dynamic fracture,Microbranching,Peridynamic theory},
}

@Article{GamstedtEK1999,
  Title                    = {Micromechanisms in tension-compression fatigue of composite laminates containing transverse plies},
  Author                   = {E.K Gamstedt and B.A Sj\"{o}gren},
  Journal                  = {Composites Science and Technology},
  Year                     = {1999},
  Volume                   = {59},
  Number                   = {2},
  Pages                    = {167--178},
  Doi                      = {http://dx.doi.org/10.1016/S0266-3538(98)00061-X},
  ISSN                     = {0266-3538},
  URL                      = {http://www.sciencedirect.com/science/article/pii/S026635389800061X},
  Keywords                 = {Polymer matrix composites (PMCs),Fatigue,Debonding,Damage mechanisms,Tension–compression loading},
}

%--------------------------------------
% Book
%--------------------------------------

@Book{TestBookTemplate,
  Title                    = {Computational Methods in Mechanics Volume 1: Computational methods for transient analysis},
  Author                   = {Belytschko, Ted and Hughes, Thomas J. R.},
  Publisher                = {Elsevier Science Publishers B.V.},
  Year                     = {1983},
  Volume                   = {1},
  ISBN                     = {978-0444864796},
}

%--------------------------------------
% Booklet
%--------------------------------------

%--------------------------------------
% Conference
%--------------------------------------

@Conference{TestConferenceTemplate,
  Title                    = {Peridynamic truss element for viscoelastic deformation},
  Author                   = {Dorduncu, Mehmet and Barut, Atila and Madenci, Erdogan},
  Booktitle                = {57th AIAA/ASCE/AHS/ASC Structures, Structural Dynamics, and Materials Conference, 4-8 January 2016, San Diego, California, USA},
  Year                     = {2016},
  DOI                      = {doi:10.2514/6.2016-1721},
  URL                      = {http://dx.doi.org/10.2514/6.2016-1721},
}

%--------------------------------------
% Inbook
%--------------------------------------

@InBook{TestInBookTemplate,
  Title                    = {Peridynamics: A Nonlocal Continuum Theory},
  Author                   = {Emmrich, Etienne and Lehoucq, Richard B. and Puhst, Dimitri},
  BookTitle                = {Meshfree Methods for Partial Differential Equations VI},
  Editor                   = {Griebel, Michael and Schweitzer, Marc Alexander},
  Pages                    = {45--65},
  Publisher                = {Springer Berlin Heidelberg},
  Address                  = {Berlin, Heidelberg},
  Year                     = {2013},
  Doi                      = {10.1007/978-3-642-32979-1\_3},
  Url                      = {http://dx.doi.org/10.1007/978-3-642-32979-1\_3},
}

%--------------------------------------
% Incollection
%--------------------------------------

%--------------------------------------
% Inproceedings
%--------------------------------------

@INPROCEEDINGS{Kaddour2014,
  author = {Kaddour, A. S. and Hinton, M. J. and Li, S. and Smith, P. A.},
  title = {{The world-wide failure exercises: How can composites design and
	manufacture communities build their strength}},
  booktitle = {ECCM16 - 16th European Conference on Composite Materials, Seville,
	Spain, 22-26 June 2014},
  year = {2014},
  keywords = {composite structures,damage}
}

%--------------------------------------
% Manual
%--------------------------------------

@Manual{TestManualTemplate,
  Title                    = {Exodus II: A Finite Element Data Model},
  Address                  = {Albuquerque, New Mexico 87185 and Livermore, California 94550, USA},
  Author                   = {Schoof, Larry A. and Yarberry, Victor R.},
  Institution              = {Sandia National Laboratories},
  Number                   = {SAND92-2137, UC-705},
  Type                     = {Sandia report},
  Year                     = {1994}
}

@manual{HuntsmanLY564DataSheet2009,
  Organization             = {Huntsman International LLC},
  Title                    = {Araldite\textsuperscript{\textregistered} LY 564 / Aradur \textsuperscript{\textregistered} 22962 data sheet},
  Address                  = {Salt Lake City, Utah, USA},
  Year                     = {2009},
  Month                    = {06},
}

%--------------------------------------
% Masterthesis
%--------------------------------------

@MastersThesis{TestMasterThesisTemplate,
  Title                    = {Theory and Simulation of the Structural and Damage Behaviour of Lightweight Structures Using Peridynamics},
  Author                   = {Anna-Janina Bednarek},
  School                   = {Technical University Braunschweig \& DLR},
  Year                     = {2016},
  Type                     = {Masterthesis},
  keywords                 = {own},
}

%--------------------------------------
% Misc
%--------------------------------------

%--------------------------------------
% Phdthesis
%--------------------------------------

@PhdThesis{TestPhDThesisTemplate,
  Title                    = {A Peridynamic Approach for Coupled Fields},
  Author                   = {Agwai, Abigail G.},
  School                   = {The University of Arizona},
  Year                     = {2011},
  Type                     = {PhD Thesis},
  url                      = {http://hdl.handle.net/10150/204892},
}

@PhdThesis{SikoutrisDE2012,
  Title                    = {Fire Response of Composite Aerostructures},
  Author                   = {Dimitrios E. Sikoutris},
  School                   = {University of Patras},
  Year                     = {2012},
  Type                     = {PhD Thesis},
}

@PhdThesis{KrauseD2016,
  Title                    = {Micromechanics of the fatigue behaviour of polymers},
  Author                   = {Daniel Krause},
  School                   = {Technical University Braunschweig},
  Year                     = {2016},
  Type                     = {PhD Thesis},
  Note                     = {DLR Report 2016-26},
}
%  Note                     = {DLR Forschungsbericht 2016-26},

%--------------------------------------
% Proceedings
%--------------------------------------

%--------------------------------------
% Tech-Report
%--------------------------------------

@TechReport{TestTechReportTemplate,
  Author                   = {Kevin D. Schrum and Dean L. Sicking and Ronald K. Faller and John D. Reid},
  Title                    = {Predicting the Dynamic Fracture of Steel via a Non-Local Strain-Energy Density Failure Criterion},
  Institution              = {University of Nebraska - Lincoln},
  Year                     = {2014},
  type                     = {Nebraska Department of Roads Research Reports},
  number                   = {Report TRP-03-311-14},
  url                      = {http://digitalcommons.unl.edu/cgi/viewcontent.cgi?article=1143\&context=ndor},
}

%--------------------------------------
% Unpublished
%--------------------------------------
