% Encoding: UTF-8


@article{SillingSA2007,
  Title                    = {Peridynamic States and Constitutive Modeling},
  Author                   = {Silling, Stewart A. and Epton, M. and Weckner, Olaf and Xu, J. and Askari, Ebrahim},
  Journal                  = {Journal of Elasticity},
  Year                     = {2007},
  Volume                   = {88},
  Pages                    = {151--184},
  Doi                      = {10.1007/s10659-007-9125-1},
}
@article{WillbergC2021,
author = {Willberg, Christian and Heinecke, Falk},
title = {Evaluation of manufacturing deviations of composite materials},
journal = {PAMM},
volume = {20},
number = {1},
pages = {e202000345},
doi = {10.1002/pamm.202000345},
year = {2021}
}

@misc{PeriDoX,
  Title                    = {{PeriDoX}},
  Author                   = {Martin R{\"a}del and Christian Willberg},
  Year                     = {2018},
  Month                    = {03},
  Day                      = {06},
  Publisher                = {GitHub},
  Journal                  = {},
  howpublished             = {GitHub repository},
  URL                      = {https://github.com/PeriDoX/PeriDoX},
  DOI                      = {10.5281/zenodo.1403015},
}


@article{WillbergC2019,
  author  = {Christian Willberg and Lasse Wiedemann and Martin R{\"a}del},
  title   = {A mode-dependent energy-based damage model for peridynamics and its implementation},
  journal = {Journal of Mechanics of Materials and Structures},
  year    = {2019},
  volume  = {14},
  number  = {2},
  pages   = {193--217},
  doi     = {10.2140/jomms.2019.14.193},
  issn    = {1559-3959},
}

@Article{WillbergC2022,
  author  = {Christian Willberg and Jan-Timo Hesse and Falk Heinecke},
  title   = {{Peridynamic simulation of a mixed-mode fracture experiment in PMMA utilizing an adaptive-time stepping for an explicit solver}},
  journal = {Journal of Peridynamics and Nonlocal Modeling},
  year    = {2022},
  doi = {10.1007/s42102-021-00079-6},
}

@TechReport{Parks2012,
  author      = {M.L. Parks and D.J. Littlewood and J.A. Mitchell and S.A. Silling},
  title       = {Peridigm Users' Guide},
  institution = {Report SAND2012-7800, Sandia National Laboratories},
  year        = {2012},
}

@Electronic{Abaqus,
  month        = {03},
  year         = {2022},
  title        = {{UMAT}},
  howpublished = {online},
  organization = {Dassault},
  url          = {https://abaqus-docs.mit.edu/2017/English/SIMACAESUBRefMap/simasub-c-umat.htm#simasub-c-umat},
}

@Electronic{PeridigmGithub,
  month        = {03},
  year         = {2022},
  title        = {{}},
  howpublished = {online},
}

@Comment{jabref-meta: databaseType:bibtex;}
