% Literature Peridigm Postproduction Guide
%
% Martin Raedel, DLR-FA-STM, WiMi, 01.03.2017
%
%--------------------------------------
% Article
%--------------------------------------

%--------------------------------------
% Book
%--------------------------------------

%--------------------------------------
% Booklet
%--------------------------------------

%--------------------------------------
% Conference
%--------------------------------------

%--------------------------------------
% Inbook
%--------------------------------------

%--------------------------------------
% Incollection
%--------------------------------------

%--------------------------------------
% Inproceedings
%--------------------------------------

%--------------------------------------
% Manual
%--------------------------------------

@Manual{vtkfileformats,
  Title                    = {VTK File Formats for VTK Version 4.2},
  Author                   = {Schroeder, W. J. and Martin, K. and Avila, L. S. and Law, C. C.},
  booktitle                = {The VTK Users Guide},
  Institution              = {Sandia National Laboratories},
  Url                      = {http://www.math.u-bordeaux1.fr/~mleguebe/docs/file-formats.pdf},
  Year                     = {2003},
}

%--------------------------------------
% Masterthesis
%--------------------------------------

%--------------------------------------
% Misc
%--------------------------------------

%--------------------------------------
% Phdthesis
%--------------------------------------

%--------------------------------------
% Proceedings
%--------------------------------------

%--------------------------------------
% Tech-Report
%--------------------------------------

%--------------------------------------
% Unpublished
%--------------------------------------

@Unpublished{DuZZ2011,
  Title                    = {eXtended Finite Element Method (XFEM) in Abaqus},
  Author                   = {Du, Zhen-zhong},
  Institution              = {Dassault Systems},
  Address                  = {Cambridge, MA 02139},
  Url                      = {http://www.simulia.com/download/rum11/UK/Advanced-XFEM-Analysis.pdf},
  Year                     = {2011},
}

@Unpublished{RoyleD2001,
  Title                    = {Introduction to Fracture Mechanics},
  Author                   = {David Roylance},
  Institution              = {Massachusetts Institute of Technology, Department of Materials Science and Engineering},
  Address                  = {Cambridge, MA 02139},
  Url                      = {http://ocw.mit.edu/courses/materials-science-and-engineering/3-11-mechanics-of-materials-fall-1999/modules/frac.pdf},
  Year                     = {2001},
}